{'WBA': [{'2023-02-28': {'interestExpenseNonOperating': 466000000.0, 'totalRevenue': 133291000000.0, 'otherIncomeExpense': 2469000000.0, 'operatingIncome': -7440000000.0, 'costOfRevenue': 106299000000.0, 'normalizedIncome': -3144000000.0, 'taxProvision': -1854000000.0, 'earningsFromEquityInterest': 345000000.0, 'minorityInterests': 398000000.0, 'totalExpenses': 140729000000.0, 'reconciledCostOfRevenue': 106299000000.0, 'netIncomeContinuousOperations': -3545000000.0, 'netInterestIncome': -466000000.0, 'netIncome': -3144000000.0, 'sellingGeneralAndAdministration': 34430000000.0, 'pretaxIncome': -5438000000.0, 'netIncomeFromContinuingAndDiscontinuedOperation': -3144000000.0, 'interestExpense': 466000000.0, 'operatingExpense': 34430000000.0, 'ebit': -4972000000.0, 'earningsFromEquityInterestNetOfTax': 39000000.0, 'dilutedNIAvailtoComStockholders': -3144000000.0, 'totalOperatingIncomeAsReported': -7096000000.0, 'taxEffectOfUnusualItems': 0.0, 'netNonOperatingInterestIncomeExpense': -466000000.0, 'operatingRevenue': 133291000000.0, 'netIncomeFromContinuingOperationNetMinorityInterest': -3144000000.0, 'eBITDA': -2951000000.0, 'taxRateForCalcs': 0.340934, 'netIncomeIncludingNoncontrollingInterests': -3544000000.0, 'otherNonOperatingIncomeExpenses': 2124000000.0, 'reconciledDepreciation': 2021000000.0, 'grossProfit': 26990000000.0, 'normalizedEBITDA': -2951000000.0, 'netIncomeCommonStockholders': -3144000000.0}}, {'2023-05-31': {'interestExpenseNonOperating': 530000000.0, 'totalRevenue': 136108000000.0, 'otherIncomeExpense': 2256000000.0, 'operatingIncome': -7529000000.0, 'costOfRevenue': 109100000000.0, 'normalizedIncome': -3315000000.0, 'taxProvision': -1942000000.0, 'earningsFromEquityInterest': 275000000.0, 'minorityInterests': 505000000.0, 'totalExpenses': 143635000000.0, 'reconciledCostOfRevenue': 109100000000.0, 'netIncomeContinuousOperations': -3821000000.0, 'netInterestIncome': -530000000.0, 'netIncome': -3315000000.0, 'sellingGeneralAndAdministration': 34535000000.0, 'pretaxIncome': -5802000000.0, 'netIncomeFromContinuingAndDiscontinuedOperation': -3315000000.0, 'interestExpense': 530000000.0, 'operatingExpense': 34535000000.0, 'ebit': -5272000000.0, 'earningsFromEquityInterestNetOfTax': 39000000.0, 'dilutedNIAvailtoComStockholders': -3315000000.0, 'totalOperatingIncomeAsReported': -7253000000.0, 'taxEffectOfUnusualItems': 0.0, 'netNonOperatingInterestIncomeExpense': -530000000.0, 'operatingRevenue': 136108000000.0, 'netIncomeFromContinuingOperationNetMinorityInterest': -3315000000.0, 'eBITDA': -3132000000.0, 'taxRateForCalcs': 0.334712, 'netIncomeIncludingNoncontrollingInterests': -3821000000.0, 'otherNonOperatingIncomeExpenses': 1981000000.0, 'reconciledDepreciation': 2140000000.0, 'grossProfit': 27006000000.0, 'normalizedEBITDA': -3132000000.0, 'netIncomeCommonStockholders': -3315000000.0}}, {'2019-08-31': {'costOfRevenue': 106790000000.0, 'totalRevenue': 136866000000.0, 'operatingIncome': 4834000000.0, 'dilutedAverageShares': 923500000.0, 'otherIncomeExpense': 397000000.0, 'interestExpenseNonOperating': 704000000.0, 'operatingRevenue': 136866000000.0, 'netIncomeIncludingNoncontrollingInterests': 3962000000.0, 'grossProfit': 30076000000.0, 'taxEffectOfUnusualItems': 0.0, 'netIncomeContinuousOperations': 3962000000.0, 'totalOperatingIncomeAsReported': 4998000000.0, 'operatingExpense': 25242000000.0, 'ebit': 5231000000.0, 'earningsFromEquityInterest': 164000000.0, 'dilutedEPS': 4.31, 'dilutedNIAvailtoComStockholders': 3982000000.0, 'normalizedIncome': 3982000000.0, 'basicAverageShares': 921500000.0, 'earningsFromEquityInterestNetOfTax': 23000000.0, 'netIncome': 3982000000.0, 'pretaxIncome': 4527000000.0, 'interestExpense': 704000000.0, 'otherNonOperatingIncomeExpenses': 233000000.0, 'normalizedEBITDA': 7269000000.0, 'netIncomeFromContinuingAndDiscontinuedOperation': 3982000000.0, 'totalExpenses': 132032000000.0, 'netNonOperatingInterestIncomeExpense': -704000000.0, 'netIncomeCommonStockholders': 3982000000.0, 'sellingGeneralAndAdministration': 25242000000.0, 'netIncomeFromContinuingOperationNetMinorityInterest': 3982000000.0, 'netInterestIncome': -704000000.0, 'reconciledDepreciation': 2038000000.0, 'taxRateForCalcs': 0.13, 'minorityInterests': 20000000.0, 'reconciledCostOfRevenue': 106790000000.0, 'totalOtherFinanceCost': 704000000.0, 'taxProvision': 588000000.0, 'basicEPS': 4.32}}, {'2020-08-31': {'costOfRevenue': 111520000000.0, 'totalRevenue': 139537000000.0, 'operatingIncome': 972000000.0, 'dilutedAverageShares': 880300000.0, 'otherIncomeExpense': 411000000.0, 'interestExpenseNonOperating': 639000000.0, 'operatingRevenue': 139537000000.0, 'netIncomeIncludingNoncontrollingInterests': 424000000.0, 'grossProfit': 28017000000.0, 'taxEffectOfUnusualItems': 0.0, 'netIncomeContinuousOperations': 424000000.0, 'totalOperatingIncomeAsReported': 1312000000.0, 'operatingExpense': 27045000000.0, 'ebit': 1382000000.0, 'earningsFromEquityInterest': 341000000.0, 'dilutedEPS': 0.52, 'dilutedNIAvailtoComStockholders': 456000000.0, 'normalizedIncome': 456000000.0, 'basicAverageShares': 879400000.0, 'earningsFromEquityInterestNetOfTax': 41000000.0, 'netIncome': 456000000.0, 'pretaxIncome': 743000000.0, 'interestExpense': 639000000.0, 'otherNonOperatingIncomeExpenses': 70000000.0, 'normalizedEBITDA': 3309000000.0, 'netIncomeFromContinuingAndDiscontinuedOperation': 456000000.0, 'totalExpenses': 138565000000.0, 'netNonOperatingInterestIncomeExpense': -639000000.0, 'netIncomeCommonStockholders': 456000000.0, 'sellingGeneralAndAdministration': 27045000000.0, 'netIncomeFromContinuingOperationNetMinorityInterest': 456000000.0, 'netInterestIncome': -639000000.0, 'reconciledDepreciation': 1927000000.0, 'taxRateForCalcs': 0.27, 'minorityInterests': 32000000.0, 'reconciledCostOfRevenue': 111520000000.0, 'taxProvision': 360000000.0, 'basicEPS': 0.52}}, {'2021-08-31': {'costOfRevenue': 104442000000.0, 'totalRevenue': 132509000000.0, 'operatingIncome': 3481000000.0, 'dilutedAverageShares': 866400000.0, 'otherIncomeExpense': -581000000.0, 'interestExpenseNonOperating': 905000000.0, 'operatingRevenue': 132509000000.0, 'netIncomeIncludingNoncontrollingInterests': 2512000000.0, 'grossProfit': 28067000000.0, 'taxEffectOfUnusualItems': 0.0, 'netIncomeContinuousOperations': 1955000000.0, 'totalOperatingIncomeAsReported': 2342000000.0, 'operatingExpense': 24586000000.0, 'ebit': 3481000000.0, 'earningsFromEquityInterest': -1139000000.0, 'dilutedEPS': 2.93, 'dilutedNIAvailtoComStockholders': 2542000000.0, 'normalizedIncome': 1985000000.0, 'netIncomeDiscontinuousOperations': 557000000.0, 'basicAverageShares': 864800000.0, 'earningsFromEquityInterestNetOfTax': 627000000.0, 'netIncome': 2542000000.0, 'pretaxIncome': 1995000000.0, 'interestExpense': 905000000.0, 'otherNonOperatingIncomeExpenses': 558000000.0, 'normalizedEBITDA': 5454000000.0, 'netIncomeFromContinuingAndDiscontinuedOperation': 2542000000.0, 'totalExpenses': 129028000000.0, 'netNonOperatingInterestIncomeExpense': -905000000.0, 'netIncomeCommonStockholders': 2542000000.0, 'sellingGeneralAndAdministration': 24586000000.0, 'netIncomeFromContinuingOperationNetMinorityInterest': 1985000000.0, 'netInterestIncome': -905000000.0, 'reconciledDepreciation': 1973000000.0, 'taxRateForCalcs': 0.334, 'minorityInterests': 30000000.0, 'reconciledCostOfRevenue': 104442000000.0, 'totalOtherFinanceCost': 905000000.0, 'taxProvision': 667000000.0, 'basicEPS': 2.94}}, {'2022-08-31': {'costOfRevenue': 104437000000.0, 'totalRevenue': 132703000000.0, 'operatingIncome': 970000000.0, 'dilutedAverageShares': 865900000.0, 'otherIncomeExpense': 3416000000.0, 'interestExpenseNonOperating': 400000000.0, 'operatingRevenue': 132703000000.0, 'netIncomeIncludingNoncontrollingInterests': 4065000000.0, 'grossProfit': 28265000000.0, 'taxEffectOfUnusualItems': 0.0, 'netIncomeContinuousOperations': 4065000000.0, 'totalOperatingIncomeAsReported': 1387000000.0, 'operatingExpense': 27295000000.0, 'ebit': 4385000000.0, 'earningsFromEquityInterest': 418000000.0, 'dilutedEPS': 5.01, 'dilutedNIAvailtoComStockholders': 4337000000.0, 'normalizedIncome': 4337000000.0, 'netIncomeDiscontinuousOperations': 0.0, 'basicAverageShares': 864400000.0, 'earningsFromEquityInterestNetOfTax': 50000000.0, 'netIncome': 4337000000.0, 'pretaxIncome': 3985000000.0, 'interestExpense': 400000000.0, 'otherNonOperatingIncomeExpenses': 2998000000.0, 'normalizedEBITDA': 6375000000.0, 'netIncomeFromContinuingAndDiscontinuedOperation': 4337000000.0, 'totalExpenses': 131732000000.0, 'netNonOperatingInterestIncomeExpense': -400000000.0, 'netIncomeCommonStockholders': 4337000000.0, 'sellingGeneralAndAdministration': 27295000000.0, 'netIncomeFromContinuingOperationNetMinorityInterest': 4337000000.0, 'netInterestIncome': -400000000.0, 'reconciledDepreciation': 1990000000.0, 'taxRateForCalcs': 0.008, 'minorityInterests': 271000000.0, 'reconciledCostOfRevenue': 104437000000.0, 'taxProvision': -30000000.0, 'basicEPS': 5.02}}], 'PG': [{'2020-06-30': {'totalOperatingIncomeAsReported': 15706000000.0, 'operatingRevenue': 70950000000.0, 'taxEffectOfUnusualItems': 0.0, 'reconciledDepreciation': 3013000000.0, 'taxProvision': 2731000000.0, 'dilutedEPS': 4.96, 'basicAverageShares': 2487100000.0, 'operatingExpense': 19994000000.0, 'netIncomeFromContinuingOperationNetMinorityInterest': 13027000000.0, 'netIncomeContinuousOperations': 13103000000.0, 'costOfRevenue': 35250000000.0, 'totalRevenue': 70950000000.0, 'interestIncome': 155000000.0, 'averageDilutionEarnings': 263000000.0, 'basicEPS': 5.13, 'grossProfit': 35700000000.0, 'normalizedEBITDA': 19312000000.0, 'netIncomeIncludingNoncontrollingInterests': 13103000000.0, 'otherNonOperatingIncomeExpenses': 438000000.0, 'netNonOperatingInterestIncomeExpense': -310000000.0, 'taxRateForCalcs': 0.172, 'netIncomeCommonStockholders': 13027000000.0, 'totalExpenses': 55244000000.0, 'reconciledCostOfRevenue': 35250000000.0, 'ebit': 16299000000.0, 'specialIncomeCharges': 0.0, 'interestIncomeNonOperating': 155000000.0, 'dilutedNIAvailtoComStockholders': 13027000000.0, 'netIncome': 13027000000.0, 'interestExpense': 465000000.0, 'totalUnusualItems': 0.0, 'normalizedIncome': 13027000000.0, 'preferredStockDividends': 263000000.0, 'operatingIncome': 15706000000.0, 'pretaxIncome': 15834000000.0, 'minorityInterests': -76000000.0, 'sellingGeneralAndAdministration': 19994000000.0, 'totalUnusualItemsExcludingGoodwill': 0.0, 'impairmentOfCapitalAssets': 0.0, 'netInterestIncome': -310000000.0, 'netIncomeFromContinuingAndDiscontinuedOperation': 13027000000.0, 'interestExpenseNonOperating': 465000000.0, 'dilutedAverageShares': 2625800000.0, 'otherIncomeExpense': 438000000.0}}, {'2021-06-30': {'totalOperatingIncomeAsReported': 17986000000.0, 'operatingRevenue': 76118000000.0, 'taxEffectOfUnusualItems': 0.0, 'reconciledDepreciation': 2735000000.0, 'taxProvision': 3263000000.0, 'dilutedEPS': 5.5, 'basicAverageShares': 2465800000.0, 'operatingExpense': 21024000000.0, 'netIncomeFromContinuingOperationNetMinorityInterest': 14306000000.0, 'netIncomeContinuousOperations': 14352000000.0, 'costOfRevenue': 37108000000.0, 'totalRevenue': 76118000000.0, 'interestIncome': 45000000.0, 'averageDilutionEarnings': 271000000.0, 'basicEPS': 5.69, 'grossProfit': 39010000000.0, 'normalizedEBITDA': 20852000000.0, 'netIncomeIncludingNoncontrollingInterests': 14352000000.0, 'otherNonOperatingIncomeExpenses': 86000000.0, 'netNonOperatingInterestIncomeExpense': -457000000.0, 'taxRateForCalcs': 0.185, 'netIncomeCommonStockholders': 14306000000.0, 'totalExpenses': 58132000000.0, 'reconciledCostOfRevenue': 37108000000.0, 'ebit': 18117000000.0, 'specialIncomeCharges': 0.0, 'interestIncomeNonOperating': 45000000.0, 'dilutedNIAvailtoComStockholders': 14306000000.0, 'netIncome': 14306000000.0, 'interestExpense': 502000000.0, 'totalUnusualItems': 0.0, 'normalizedIncome': 14306000000.0, 'preferredStockDividends': 271000000.0, 'operatingIncome': 17986000000.0, 'pretaxIncome': 17615000000.0, 'minorityInterests': -46000000.0, 'sellingGeneralAndAdministration': 21024000000.0, 'totalUnusualItemsExcludingGoodwill': 0.0, 'impairmentOfCapitalAssets': 0.0, 'netInterestIncome': -457000000.0, 'netIncomeFromContinuingAndDiscontinuedOperation': 14306000000.0, 'interestExpenseNonOperating': 502000000.0, 'dilutedAverageShares': 2601000000.0, 'otherIncomeExpense': 86000000.0}}, {'2022-06-30': {'totalOperatingIncomeAsReported': 17813000000.0, 'operatingRevenue': 80187000000.0, 'taxEffectOfUnusualItems': 0.0, 'reconciledDepreciation': 2807000000.0, 'taxProvision': 3202000000.0, 'dilutedEPS': 5.81, 'basicAverageShares': 2410300000.0, 'operatingExpense': 20217000000.0, 'netIncomeFromContinuingOperationNetMinorityInterest': 14742000000.0, 'netIncomeContinuousOperations': 14793000000.0, 'costOfRevenue': 42157000000.0, 'totalRevenue': 80187000000.0, 'interestIncome': 51000000.0, 'averageDilutionEarnings': 281000000.0, 'basicEPS': 6.0, 'grossProfit': 38030000000.0, 'normalizedEBITDA': 21241000000.0, 'netIncomeIncludingNoncontrollingInterests': 14793000000.0, 'otherNonOperatingIncomeExpenses': 570000000.0, 'netNonOperatingInterestIncomeExpense': -388000000.0, 'taxRateForCalcs': 0.178, 'netIncomeCommonStockholders': 14742000000.0, 'totalExpenses': 62374000000.0, 'reconciledCostOfRevenue': 42157000000.0, 'ebit': 18434000000.0, 'interestIncomeNonOperating': 51000000.0, 'dilutedNIAvailtoComStockholders': 14742000000.0, 'netIncome': 14742000000.0, 'interestExpense': 439000000.0, 'normalizedIncome': 14742000000.0, 'preferredStockDividends': 281000000.0, 'operatingIncome': 17813000000.0, 'pretaxIncome': 17995000000.0, 'minorityInterests': -51000000.0, 'sellingGeneralAndAdministration': 20217000000.0, 'netInterestIncome': -388000000.0, 'netIncomeFromContinuingAndDiscontinuedOperation': 14742000000.0, 'interestExpenseNonOperating': 439000000.0, 'dilutedAverageShares': 2539100000.0, 'otherIncomeExpense': 570000000.0}}, {'2022-12-31': {'totalOperatingIncomeAsReported': 17346000000.0, 'taxProvision': 3206000000.0, 'taxEffectOfUnusualItems': 0.0, 'reconciledDepreciation': 2728000000.0, 'interestExpenseNonOperating': 518000000.0, 'netIncomeIncludingNoncontrollingInterests': 14347000000.0, 'sellingGeneralAndAdministration': 20064000000.0, 'otherNonOperatingIncomeExpenses': 587000000.0, 'operatingRevenue': 80281000000.0, 'dilutedNIAvailtoComStockholders': 14279000000.0, 'costOfRevenue': 42871000000.0, 'normalizedIncome': 14279000000.0, 'netIncomeContinuousOperations': 14347000000.0, 'operatingExpense': 20064000000.0, 'ebit': 18071000000.0, 'taxRateForCalcs': 0.182647, 'netIncomeCommonStockholders': 13997000000.0, 'netIncome': 14279000000.0, 'interestIncomeNonOperating': 138000000.0, 'reconciledCostOfRevenue': 42871000000.0, 'netInterestIncome': -380000000.0, 'eBITDA': 20799000000.0, 'pretaxIncome': 17553000000.0, 'totalExpenses': 62935000000.0, 'netNonOperatingInterestIncomeExpense': -380000000.0, 'interestIncome': 138000000.0, 'otherIncomeExpense': 587000000.0, 'averageDilutionEarnings': 282000000.0, 'netIncomeFromContinuingAndDiscontinuedOperation': 14279000000.0, 'grossProfit': 37410000000.0, 'operatingIncome': 17346000000.0, 'normalizedEBITDA': 20799000000.0, 'minorityInterests': -68000000.0, 'interestExpense': 518000000.0, 'netIncomeFromContinuingOperationNetMinorityInterest': 14279000000.0, 'totalRevenue': 80281000000.0, 'preferredStockDividends': 282000000.0}}, {'2023-03-31': {'totalOperatingIncomeAsReported': 17570000000.0, 'taxProvision': 3366000000.0, 'taxEffectOfUnusualItems': 0.0, 'reconciledDepreciation': 2730000000.0, 'interestExpenseNonOperating': 631000000.0, 'netIncomeIncludingNoncontrollingInterests': 14404000000.0, 'sellingGeneralAndAdministration': 20449000000.0, 'otherNonOperatingIncomeExpenses': 619000000.0, 'operatingRevenue': 80968000000.0, 'dilutedNIAvailtoComStockholders': 14319000000.0, 'costOfRevenue': 42949000000.0, 'normalizedIncome': 14321000000.0, 'netIncomeContinuousOperations': 14404000000.0, 'operatingExpense': 20449000000.0, 'ebit': 18401000000.0, 'taxRateForCalcs': 0.18942, 'netIncomeCommonStockholders': 14038000000.0, 'netIncome': 14321000000.0, 'interestIncomeNonOperating': 212000000.0, 'reconciledCostOfRevenue': 42949000000.0, 'netInterestIncome': -419000000.0, 'eBITDA': 21131000000.0, 'pretaxIncome': 17770000000.0, 'totalExpenses': 63398000000.0, 'netNonOperatingInterestIncomeExpense': -419000000.0, 'interestIncome': 212000000.0, 'otherIncomeExpense': 619000000.0, 'netIncomeFromContinuingAndDiscontinuedOperation': 14321000000.0, 'grossProfit': 38019000000.0, 'operatingIncome': 17570000000.0, 'normalizedEBITDA': 21131000000.0, 'minorityInterests': -83000000.0, 'interestExpense': 631000000.0, 'netIncomeFromContinuingOperationNetMinorityInterest': 14321000000.0, 'totalRevenue': 80968000000.0, 'preferredStockDividends': 283000000.0}}], 'MCD': [{'2019-12-31': {'netIncomeFromContinuingAndDiscontinuedOperation': 6025400000.0, 'otherNonOperatingIncomeExpenses': -14200000.0, 'operatingExpense': 2229400000.0, 'interestIncome': 36700000.0, 'sellingGeneralAndAdministration': 2229400000.0, 'normalizedEBITDA': 9062200000.0, 'basicEPS': 7.95, 'taxEffectOfUnusualItems': 19372200.0, 'totalOperatingIncomeAsReported': 9069800000.0, 'rentExpenseSupplemental': 2200600000.0, 'otherOperatingExpenses': -183900000.0, 'operatingRevenue': 21076500000.0, 'specialIncomeCharges': 30100000.0, 'writeOff': 74300000.0, 'taxProvision': 1992700000.0, 'netIncomeIncludingNoncontrollingInterests': 6025400000.0, 'netIncomeCommonStockholders': 6025400000.0, 'interestExpense': 1121900000.0, 'reconciledDepreciation': 1617900000.0, 'gainOnSaleOfPPE': -23100000.0, 'totalRevenue': 21076500000.0, 'netIncomeFromContinuingOperationNetMinorityInterest': 6025400000.0, 'taxRateForCalcs': 0.249, 'grossProfit': 11115300000.0, 'otherIncomeExpense': 217400000.0, 'normalizedIncome': 5966972200.0, 'netInterestIncome': -1085200000.0, 'dilutedEPS': 7.88, 'dilutedAverageShares': 764900000.0, 'interestExpenseNonOperating': 1121900000.0, 'gainOnSaleOfSecurity': 47700000.0, 'netNonOperatingInterestIncomeExpense': -1085200000.0, 'operatingIncome': 8885900000.0, 'reconciledCostOfRevenue': 9961200000.0, 'impairmentOfCapitalAssets': 74300000.0, 'ebit': 9140000000.0, 'interestIncomeNonOperating': 36700000.0, 'earningsFromEquityInterest': 153800000.0, 'gainOnSaleOfBusiness': 127500000.0, 'totalUnusualItemsExcludingGoodwill': 77800000.0, 'totalExpenses': 12190600000.0, 'totalUnusualItems': 77800000.0, 'dilutedNIAvailtoComStockholders': 6025400000.0, 'pretaxIncome': 8018100000.0, 'netIncomeContinuousOperations': 6025400000.0, 'netIncome': 6025400000.0, 'costOfRevenue': 9961200000.0, 'basicAverageShares': 758100000.0}}, {'2020-12-31': {'netIncomeFromContinuingAndDiscontinuedOperation': 4730500000.0, 'otherNonOperatingIncomeExpenses': 14400000.0, 'operatingExpense': 2545600000.0, 'interestIncome': 17700000.0, 'sellingGeneralAndAdministration': 2245000000.0, 'normalizedEBITDA': 7656600000.0, 'depreciationAmortizationDepletionIncomeStatement': 300600000.0, 'basicEPS': 6.35, 'taxEffectOfUnusualItems': 644000.0, 'depreciationAndAmortizationInIncomeStatement': 300600000.0, 'totalOperatingIncomeAsReported': 7324000000.0, 'rentExpenseSupplemental': 2207500000.0, 'operatingRevenue': 18865300000.0, 'specialIncomeCharges': 100000.0, 'writeOff': -267500000.0, 'taxProvision': 1410200000.0, 'netIncomeIncludingNoncontrollingInterests': 4730500000.0, 'netIncomeCommonStockholders': 4730500000.0, 'interestExpense': 1218100000.0, 'reconciledDepreciation': 300600000.0, 'gainOnSaleOfPPE': -290700000.0, 'totalRevenue': 19207800000.0, 'netIncomeFromContinuingOperationNetMinorityInterest': 4730500000.0, 'taxRateForCalcs': 0.23, 'grossProfit': 9752100000.0, 'otherIncomeExpense': 134600000.0, 'normalizedIncome': 4728344000.0, 'netInterestIncome': -1200400000.0, 'dilutedEPS': 6.31, 'dilutedAverageShares': 750100000.0, 'interestExpenseNonOperating': 1218100000.0, 'gainOnSaleOfSecurity': 2700000.0, 'netNonOperatingInterestIncomeExpense': -1200400000.0, 'operatingIncome': 7206500000.0, 'reconciledCostOfRevenue': 9455700000.0, 'impairmentOfCapitalAssets': -267500000.0, 'ebit': 7358800000.0, 'interestIncomeNonOperating': 17700000.0, 'earningsFromEquityInterest': 117400000.0, 'gainOnSaleOfBusiness': 23300000.0, 'totalUnusualItemsExcludingGoodwill': 2800000.0, 'totalExpenses': 12001300000.0, 'totalUnusualItems': 2800000.0, 'dilutedNIAvailtoComStockholders': 4730500000.0, 'pretaxIncome': 6140700000.0, 'netIncomeContinuousOperations': 4730500000.0, 'netIncome': 4730500000.0, 'costOfRevenue': 9455700000.0, 'basicAverageShares': 744600000.0}}, {'2021-12-31': {'netIncomeFromContinuingAndDiscontinuedOperation': 7545200000.0, 'otherNonOperatingIncomeExpenses': -14100000.0, 'operatingExpense': 2707500000.0, 'interestIncome': 9200000.0, 'sellingGeneralAndAdministration': 2377800000.0, 'normalizedEBITDA': 10374200000.0, 'depreciationAmortizationDepletionIncomeStatement': 329700000.0, 'basicEPS': 10.11, 'taxEffectOfUnusualItems': 46571600.0, 'depreciationAndAmortizationInIncomeStatement': 329700000.0, 'totalOperatingIncomeAsReported': 10356000000.0, 'rentExpenseSupplemental': 2335000000.0, 'operatingRevenue': 22872800000.0, 'specialIncomeCharges': 306600000.0, 'writeOff': -285400000.0, 'taxProvision': 1582700000.0, 'netIncomeIncludingNoncontrollingInterests': 7545200000.0, 'netIncomeCommonStockholders': 7545200000.0, 'interestExpense': 1185800000.0, 'reconciledDepreciation': 329700000.0, 'gainOnSaleOfPPE': -75400000.0, 'totalRevenue': 23222900000.0, 'netIncomeFromContinuingOperationNetMinorityInterest': 7545200000.0, 'taxRateForCalcs': 0.173, 'grossProfit': 12580200000.0, 'otherIncomeExpense': 431800000.0, 'normalizedIncome': 7322571600.0, 'netInterestIncome': -1176600000.0, 'dilutedEPS': 10.04, 'dilutedAverageShares': 751800000.0, 'interestExpenseNonOperating': 1185800000.0, 'gainOnSaleOfSecurity': -37400000.0, 'netNonOperatingInterestIncomeExpense': -1176600000.0, 'operatingIncome': 9872700000.0, 'reconciledCostOfRevenue': 10642700000.0, 'ebit': 10313700000.0, 'interestIncomeNonOperating': 9200000.0, 'earningsFromEquityInterest': 176700000.0, 'gainOnSaleOfBusiness': 96600000.0, 'totalUnusualItemsExcludingGoodwill': 269200000.0, 'totalExpenses': 13350200000.0, 'totalUnusualItems': 269200000.0, 'dilutedNIAvailtoComStockholders': 7545200000.0, 'pretaxIncome': 9127900000.0, 'netIncomeContinuousOperations': 7545200000.0, 'netIncome': 7545200000.0, 'costOfRevenue': 10642700000.0, 'basicAverageShares': 746300000.0}}, {'2022-12-31': {'netIncomeFromContinuingAndDiscontinuedOperation': 6177400000.0, 'otherNonOperatingIncomeExpenses': -517000000.0, 'normalizedEBITDA': 10355600000.0, 'operatingExpense': 2862600000.0, 'interestIncome': 44000000.0, 'sellingGeneralAndAdministration': 2492200000.0, 'reconciledDepreciation': 370400000.0, 'depreciationAmortizationDepletionIncomeStatement': 370400000.0, 'depreciationAndAmortizationInIncomeStatement': 370400000.0, 'netIncomeContinuousOperations': 6177400000.0, 'basicEPS': 8.39, 'taxEffectOfUnusualItems': -201040800.0, 'gainOnSaleOfPPE': -136800000.0, 'netIncomeFromContinuingOperationNetMinorityInterest': 6177400000.0, 'interestExpense': 1207000000.0, 'totalOperatingIncomeAsReported': 9371000000.0, 'rentExpenseSupplemental': 4375900000.0, 'specialIncomeCharges': -1086800000.0, 'otherOperatingExpenses': 973600000.0, 'netIncomeIncludingNoncontrollingInterests': 6177400000.0, 'earningsFromEquityInterest': 113200000.0, 'operatingRevenue': 22854200000.0, 'ebit': 9032400000.0, 'totalUnusualItems': -952800000.0, 'writeOff': 1009800000.0, 'taxProvision': 1648000000.0, 'netIncomeCommonStockholders': 6177400000.0, 'dilutedNIAvailtoComStockholders': 6177400000.0, 'totalRevenue': 23182600000.0, 'eBITDA': 10903000000.0, 'netNonOperatingInterestIncomeExpense': -1163300000.0, 'taxRateForCalcs': 0.211, 'grossProfit': 13207200000.0, 'otherIncomeExpense': -1356600000.0, 'normalizedIncome': 6929159200.0, 'gainOnSaleOfSecurity': 134000000.0, 'costOfRevenue': 9975400000.0, 'netInterestIncome': -1163000000.0, 'dilutedEPS': 8.33, 'dilutedAverageShares': 741300000.0, 'interestExpenseNonOperating': 1207000000.0, 'operatingIncome': 10344600000.0, 'reconciledCostOfRevenue': 8475200000.0, 'interestIncomeNonOperating': 43700000.0, 'netIncome': 6177400000.0, 'gainOnSaleOfBusiness': 59800000.0, 'totalUnusualItemsExcludingGoodwill': -952800000.0, 'pretaxIncome': 7825400000.0, 'totalExpenses': 12838000000.0, 'basicAverageShares': 736500000.0}}, {'2023-03-31': {'normalizedEBITDA': 12709200000.0, 'otherNonOperatingIncomeExpenses': -5500000.0, 'sellingGeneralAndAdministration': 2461200000.0, 'reconciledDepreciation': 1881400000.0, 'depreciationAmortizationDepletionIncomeStatement': 377000000.0, 'depreciationAndAmortizationInIncomeStatement': 377000000.0, 'netIncomeContinuousOperations': 6875300000.0, 'gainOnSaleOfPPE': -166700000.0, 'netIncomeFromContinuingOperationNetMinorityInterest': 6875300000.0, 'interestExpense': 1249400000.0, 'operatingExpense': 2838200000.0, 'specialIncomeCharges': -1162800000.0, 'netIncomeIncludingNoncontrollingInterests': 6875300000.0, 'earningsFromEquityInterest': 121100000.0, 'ebit': 9800600000.0, 'totalUnusualItems': -1027200000.0, 'rentExpenseSupplemental': 4390200000.0, 'netIncomeCommonStockholders': 6875300000.0, 'dilutedNIAvailtoComStockholders': 6875300000.0, 'taxEffectOfUnusualItems': -201314959.303957, 'totalOperatingIncomeAsReported': 9590800000.0, 'operatingRevenue': 23100800000.0, 'writeOff': 1063200000.0, 'interestIncome': 79300000.0, 'eBITDA': 11682000000.0, 'netNonOperatingInterestIncomeExpense': -1170100000.0, 'normalizedIncome': 7701185040.696043, 'grossProfit': 13470700000.0, 'gainOnSaleOfSecurity': 135600000.0, 'costOfRevenue': 9944100000.0, 'taxRateForCalcs': 0.195984, 'totalRevenue': 23414800000.0, 'interestIncomeNonOperating': 79300000.0, 'netIncome': 6875300000.0, 'pretaxIncome': 8551200000.0, 'taxProvision': 1675900000.0, 'interestExpenseNonOperating': 1249400000.0, 'totalExpenses': 12782300000.0, 'reconciledCostOfRevenue': 8439700000.0, 'otherIncomeExpense': -911600000.0, 'operatingIncome': 10632500000.0, 'netIncomeFromContinuingAndDiscontinuedOperation': 6875300000.0, 'netInterestIncome': -1170100000.0, 'totalUnusualItemsExcludingGoodwill': -1027200000.0, 'gainOnSaleOfBusiness': 67100000.0}}], 'MSFT': [{'2020-06-30': {'dilutedNIAvailtoComStockholders': 44281000000.0, 'netIncome': 44281000000.0, 'pretaxIncome': 53036000000.0, 'interestExpense': 2591000000.0, 'totalUnusualItems': 28000000.0, 'taxRateForCalcs': 0.16, 'interestIncome': 2680000000.0, 'netIncomeCommonStockholders': 44281000000.0, 'totalExpenses': 90056000000.0, 'otherNonOperatingIncomeExpenses': 77000000.0, 'sellingGeneralAndAdministration': 24709000000.0, 'otherGandA': 5111000000.0, 'normalizedEBITDA': 65755000000.0, 'interestIncomeNonOperating': 2680000000.0, 'netIncomeFromContinuingOperationNetMinorityInterest': 44281000000.0, 'netInterestIncome': 89000000.0, 'netIncomeFromContinuingAndDiscontinuedOperation': 44281000000.0, 'otherIncomeExpense': 77000000.0, 'dilutedAverageShares': 7683000000.0, 'operatingIncome': 52959000000.0, 'reconciledCostOfRevenue': 46078000000.0, 'generalAndAdministrativeExpense': 5111000000.0, 'taxProvision': 8755000000.0, 'dilutedEPS': 5.76, 'totalUnusualItemsExcludingGoodwill': 28000000.0, 'interestExpenseNonOperating': 2591000000.0, 'costOfRevenue': 46078000000.0, 'totalRevenue': 143015000000.0, 'researchAndDevelopment': 19269000000.0, 'operatingRevenue': 143015000000.0, 'grossProfit': 96937000000.0, 'netIncomeIncludingNoncontrollingInterests': 44281000000.0, 'basicAverageShares': 7610000000.0, 'reconciledDepreciation': 12796000000.0, 'normalizedIncome': 44281000000.0, 'netIncomeContinuousOperations': 44281000000.0, 'operatingExpense': 43978000000.0, 'netNonOperatingInterestIncomeExpense': 89000000.0, 'basicEPS': 5.82, 'totalOperatingIncomeAsReported': 52959000000.0, 'ebit': 52959000000.0, 'gainOnSaleOfSecurity': 28000000.0, 'taxEffectOfUnusualItems': 0.0, 'sellingAndMarketingExpense': 19598000000.0}}, {'2021-06-30': {'dilutedNIAvailtoComStockholders': 61271000000.0, 'netIncome': 61271000000.0, 'pretaxIncome': 71102000000.0, 'interestExpense': 2346000000.0, 'totalUnusualItems': 1303000000.0, 'taxRateForCalcs': 0.138266, 'interestIncome': 2131000000.0, 'netIncomeCommonStockholders': 61271000000.0, 'totalExpenses': 98172000000.0, 'otherNonOperatingIncomeExpenses': 1186000000.0, 'sellingGeneralAndAdministration': 25224000000.0, 'otherGandA': 5107000000.0, 'normalizedEBITDA': 81602000000.0, 'interestIncomeNonOperating': 2131000000.0, 'netIncomeFromContinuingOperationNetMinorityInterest': 61271000000.0, 'netInterestIncome': -215000000.0, 'netIncomeFromContinuingAndDiscontinuedOperation': 61271000000.0, 'otherIncomeExpense': 1186000000.0, 'dilutedAverageShares': 7608000000.0, 'operatingIncome': 69916000000.0, 'reconciledCostOfRevenue': 52232000000.0, 'generalAndAdministrativeExpense': 5107000000.0, 'taxProvision': 9831000000.0, 'dilutedEPS': 8.05, 'totalUnusualItemsExcludingGoodwill': 1303000000.0, 'interestExpenseNonOperating': 2346000000.0, 'costOfRevenue': 52232000000.0, 'totalRevenue': 168088000000.0, 'researchAndDevelopment': 20716000000.0, 'operatingRevenue': 168088000000.0, 'grossProfit': 115856000000.0, 'netIncomeIncludingNoncontrollingInterests': 61271000000.0, 'basicAverageShares': 7547000000.0, 'reconciledDepreciation': 11686000000.0, 'normalizedIncome': 61271000000.0, 'netIncomeContinuousOperations': 61271000000.0, 'operatingExpense': 45940000000.0, 'netNonOperatingInterestIncomeExpense': -215000000.0, 'basicEPS': 8.12, 'totalOperatingIncomeAsReported': 69916000000.0, 'ebit': 69916000000.0, 'gainOnSaleOfSecurity': 1303000000.0, 'taxEffectOfUnusualItems': 0.0, 'sellingAndMarketingExpense': 20117000000.0}}, {'2022-06-30': {'dilutedNIAvailtoComStockholders': 72738000000.0, 'netIncome': 72738000000.0, 'pretaxIncome': 83716000000.0, 'interestExpense': 2063000000.0, 'totalUnusualItems': 334000000.0, 'writeOff': 101000000.0, 'taxRateForCalcs': 0.131134, 'interestIncome': 2094000000.0, 'netIncomeCommonStockholders': 72738000000.0, 'totalExpenses': 114887000000.0, 'otherNonOperatingIncomeExpenses': 333000000.0, 'sellingGeneralAndAdministration': 27725000000.0, 'specialIncomeCharges': -101000000.0, 'otherGandA': 5900000000.0, 'normalizedEBITDA': 97843000000.0, 'interestIncomeNonOperating': 2094000000.0, 'netIncomeFromContinuingOperationNetMinorityInterest': 72738000000.0, 'netInterestIncome': 31000000.0, 'netIncomeFromContinuingAndDiscontinuedOperation': 72738000000.0, 'otherIncomeExpense': 333000000.0, 'dilutedAverageShares': 7540000000.0, 'operatingIncome': 83383000000.0, 'reconciledCostOfRevenue': 62650000000.0, 'generalAndAdministrativeExpense': 5900000000.0, 'taxProvision': 10978000000.0, 'dilutedEPS': 9.65, 'totalUnusualItemsExcludingGoodwill': 334000000.0, 'interestExpenseNonOperating': 2063000000.0, 'costOfRevenue': 62650000000.0, 'totalRevenue': 198270000000.0, 'researchAndDevelopment': 24512000000.0, 'operatingRevenue': 198270000000.0, 'grossProfit': 135620000000.0, 'netIncomeIncludingNoncontrollingInterests': 72738000000.0, 'basicAverageShares': 7496000000.0, 'reconciledDepreciation': 14460000000.0, 'normalizedIncome': 72738000000.0, 'netIncomeContinuousOperations': 72738000000.0, 'operatingExpense': 52237000000.0, 'netNonOperatingInterestIncomeExpense': 31000000.0, 'basicEPS': 9.7, 'totalOperatingIncomeAsReported': 83383000000.0, 'ebit': 83383000000.0, 'gainOnSaleOfSecurity': 435000000.0, 'taxEffectOfUnusualItems': 0.0, 'sellingAndMarketingExpense': 21825000000.0}}, {'2022-12-31': {'interestExpense': 1989000000.0, 'dilutedNIAvailtoComStockholders': 67449000000.0, 'interestIncome': 2412000000.0, 'totalUnusualItems': -547000000.0, 'ebit': 84577000000.0, 'netIncomeFromContinuingAndDiscontinuedOperation': 67449000000.0, 'generalAndAdministrativeExpense': 6964000000.0, 'reconciledCostOfRevenue': 64984000000.0, 'eBITDA': 98767000000.0, 'reconciledDepreciation': 14190000000.0, 'netIncomeFromContinuingOperationNetMinorityInterest': 67449000000.0, 'netNonOperatingInterestIncomeExpense': 423000000.0, 'otherNonOperatingIncomeExpenses': -103000000.0, 'operatingRevenue': 204094000000.0, 'grossProfit': 139110000000.0, 'netIncomeCommonStockholders': 67449000000.0, 'normalizedEBITDA': 99314000000.0, 'taxRateForCalcs': 0.183308, 'costOfRevenue': 64984000000.0, 'researchAndDevelopment': 26627000000.0, 'interestExpenseNonOperating': 1989000000.0, 'totalRevenue': 204094000000.0, 'netIncomeIncludingNoncontrollingInterests': 67449000000.0, 'totalUnusualItemsExcludingGoodwill': -547000000.0, 'otherIncomeExpense': -650000000.0, 'operatingIncome': 82815000000.0, 'taxProvision': 15139000000.0, 'totalOperatingIncomeAsReported': 82815000000.0, 'sellingAndMarketingExpense': 22704000000.0, 'taxEffectOfUnusualItems': -100269203.758415, 'gainOnSaleOfSecurity': -446000000.0, 'netInterestIncome': 423000000.0, 'totalExpenses': 121279000000.0, 'normalizedIncome': 67895730796.241585, 'sellingGeneralAndAdministration': 29668000000.0, 'operatingExpense': 56295000000.0, 'netIncomeContinuousOperations': 67449000000.0, 'netIncome': 67449000000.0, 'interestIncomeNonOperating': 2412000000.0, 'pretaxIncome': 82588000000.0, 'otherGandA': 6964000000.0}}, {'2023-03-31': {'interestExpense': 1982000000.0, 'dilutedNIAvailtoComStockholders': 69020000000.0, 'interestIncome': 2641000000.0, 'totalUnusualItems': -206000000.0, 'ebit': 87053000000.0, 'netIncomeFromContinuingAndDiscontinuedOperation': 69020000000.0, 'generalAndAdministrativeExpense': 7127000000.0, 'reconciledCostOfRevenue': 65497000000.0, 'eBITDA': 101019000000.0, 'reconciledDepreciation': 13966000000.0, 'netIncomeFromContinuingOperationNetMinorityInterest': 69020000000.0, 'netNonOperatingInterestIncomeExpense': 659000000.0, 'otherNonOperatingIncomeExpenses': -185000000.0, 'operatingRevenue': 207591000000.0, 'grossProfit': 142094000000.0, 'netIncomeCommonStockholders': 69020000000.0, 'normalizedEBITDA': 101225000000.0, 'taxRateForCalcs': 0.188678, 'costOfRevenue': 65497000000.0, 'researchAndDevelopment': 27305000000.0, 'interestExpenseNonOperating': 1982000000.0, 'totalRevenue': 207591000000.0, 'netIncomeIncludingNoncontrollingInterests': 69020000000.0, 'totalUnusualItemsExcludingGoodwill': -206000000.0, 'otherIncomeExpense': -391000000.0, 'operatingIncome': 84803000000.0, 'taxProvision': 16051000000.0, 'totalOperatingIncomeAsReported': 84803000000.0, 'sellingAndMarketingExpense': 22859000000.0, 'taxEffectOfUnusualItems': -38867604.706657, 'gainOnSaleOfSecurity': -105000000.0, 'netInterestIncome': 659000000.0, 'totalExpenses': 122788000000.0, 'normalizedIncome': 69187132395.29335, 'sellingGeneralAndAdministration': 29986000000.0, 'operatingExpense': 57291000000.0, 'netIncomeContinuousOperations': 69020000000.0, 'netIncome': 69020000000.0, 'interestIncomeNonOperating': 2641000000.0, 'pretaxIncome': 85071000000.0, 'otherGandA': 7127000000.0}}], 'TRV': [{'2019-12-31': {'otherIncomeExpense': 269000000.0, 'totalRevenue': 31581000000.0, 'basicEPS': 10.01, 'interestExpenseNonOperating': 344000000.0, 'normalizedIncome': 2622000000.0, 'netInterestIncome': -344000000.0, 'taxProvision': 516000000.0, 'otherunderPreferredStockDividend': 19000000.0, 'totalExpenses': 28443000000.0, 'netIncomeContinuousOperations': 2622000000.0, 'ebit': 3482000000.0, 'pretaxIncome': 3138000000.0, 'otherGandA': 4365000000.0, 'netIncome': 2622000000.0, 'netIncomeFromContinuingAndDiscontinuedOperation': 2622000000.0, 'sellingGeneralAndAdministration': 4365000000.0, 'dilutedAverageShares': 262300000.0, 'dilutedNIAvailtoComStockholders': 2603000000.0, 'generalAndAdministrativeExpense': 4365000000.0, 'taxEffectOfUnusualItems': 0.0, 'operatingRevenue': 31581000000.0, 'netIncomeCommonStockholders': 2603000000.0, 'netNonOperatingInterestIncomeExpense': -344000000.0, 'netIncomeIncludingNoncontrollingInterests': 2622000000.0, 'dilutedEPS': 9.92, 'interestExpense': 344000000.0, 'reconciledDepreciation': 763000000.0, 'basicAverageShares': 260000000.0, 'netIncomeFromContinuingOperationNetMinorityInterest': 2622000000.0, 'taxRateForCalcs': 0.164436}}, {'2020-12-31': {'otherIncomeExpense': 279000000.0, 'totalRevenue': 31981000000.0, 'basicEPS': 10.56, 'interestExpenseNonOperating': 339000000.0, 'normalizedIncome': 2697000000.0, 'netInterestIncome': -339000000.0, 'taxProvision': 540000000.0, 'otherunderPreferredStockDividend': 19000000.0, 'totalExpenses': 28744000000.0, 'netIncomeContinuousOperations': 2697000000.0, 'ebit': 3576000000.0, 'pretaxIncome': 3237000000.0, 'otherGandA': 4509000000.0, 'netIncome': 2697000000.0, 'netIncomeFromContinuingAndDiscontinuedOperation': 2697000000.0, 'sellingGeneralAndAdministration': 4509000000.0, 'dilutedAverageShares': 254600000.0, 'dilutedNIAvailtoComStockholders': 2678000000.0, 'generalAndAdministrativeExpense': 4509000000.0, 'taxEffectOfUnusualItems': 0.0, 'operatingRevenue': 31981000000.0, 'netIncomeCommonStockholders': 2678000000.0, 'netNonOperatingInterestIncomeExpense': -339000000.0, 'netIncomeIncludingNoncontrollingInterests': 2697000000.0, 'dilutedEPS': 10.52, 'interestExpense': 339000000.0, 'reconciledDepreciation': 789000000.0, 'basicAverageShares': 253500000.0, 'netIncomeFromContinuingOperationNetMinorityInterest': 2697000000.0, 'taxRateForCalcs': 0.166821}}, {'2021-12-31': {'otherIncomeExpense': 355000000.0, 'totalRevenue': 34816000000.0, 'basicEPS': 14.63, 'interestExpenseNonOperating': 340000000.0, 'normalizedIncome': 3662000000.0, 'netInterestIncome': -340000000.0, 'taxProvision': 796000000.0, 'otherunderPreferredStockDividend': 27000000.0, 'totalExpenses': 30358000000.0, 'netIncomeContinuousOperations': 3662000000.0, 'ebit': 4798000000.0, 'pretaxIncome': 4458000000.0, 'otherGandA': 4677000000.0, 'netIncome': 3662000000.0, 'netIncomeFromContinuingAndDiscontinuedOperation': 3662000000.0, 'sellingGeneralAndAdministration': 4677000000.0, 'dilutedAverageShares': 250800000.0, 'dilutedNIAvailtoComStockholders': 3635000000.0, 'generalAndAdministrativeExpense': 4677000000.0, 'taxEffectOfUnusualItems': 0.0, 'operatingRevenue': 34816000000.0, 'netIncomeCommonStockholders': 3635000000.0, 'netNonOperatingInterestIncomeExpense': -340000000.0, 'netIncomeIncludingNoncontrollingInterests': 3662000000.0, 'dilutedEPS': 14.49, 'interestExpense': 340000000.0, 'reconciledDepreciation': 870000000.0, 'basicAverageShares': 248500000.0, 'netIncomeFromContinuingOperationNetMinorityInterest': 3662000000.0, 'taxRateForCalcs': 0.178555}}, {'2022-12-31': {'otherIncomeExpense': 351000000.0, 'normalizedIncome': 2842000000.0, 'totalRevenue': 36896000000.0, 'basicEPS': 11.91, 'interestExpenseNonOperating': 351000000.0, 'otherGandA': 4810000000.0, 'netInterestIncome': -351000000.0, 'taxProvision': 512000000.0, 'taxRateForCalcs': 0.152654, 'otherunderPreferredStockDividend': 20000000.0, 'totalUnusualItemsExcludingGoodwill': -12000000.0, 'impairmentOfCapitalAssets': 12000000.0, 'totalExpenses': 33542000000.0, 'netIncomeContinuousOperations': 2842000000.0, 'ebit': 3705000000.0, 'totalUnusualItems': -12000000.0, 'pretaxIncome': 3354000000.0, 'netIncomeFromContinuingAndDiscontinuedOperation': 2842000000.0, 'netIncome': 2842000000.0, 'sellingGeneralAndAdministration': 4810000000.0, 'reconciledDepreciation': 870000000.0, 'generalAndAdministrativeExpense': 4810000000.0, 'dilutedAverageShares': 239700000.0, 'netIncomeFromContinuingOperationNetMinorityInterest': 2842000000.0, 'interestExpense': 351000000.0, 'dilutedNIAvailtoComStockholders': 2822000000.0, 'taxEffectOfUnusualItems': -1800000.0, 'operatingRevenue': 36896000000.0, 'netIncomeCommonStockholders': 2822000000.0, 'specialIncomeCharges': -12000000.0, 'netIncomeIncludingNoncontrollingInterests': 2842000000.0, 'netNonOperatingInterestIncomeExpense': -351000000.0, 'dilutedEPS': 11.77, 'basicAverageShares': 237000000.0}}, {'2023-03-31': {'normalizedIncome': 2783650645.16129, 'otherGandA': 4886000000.0, 'taxRateForCalcs': 0.097097, 'totalRevenue': 37762000000.0, 'totalUnusualItemsExcludingGoodwill': 17000000.0, 'impairmentOfCapitalAssets': -17000000.0, 'taxProvision': 301000000.0, 'interestExpenseNonOperating': 352000000.0, 'totalExpenses': 34662000000.0, 'netIncomeFromContinuingAndDiscontinuedOperation': 2799000000.0, 'netInterestIncome': -352000000.0, 'otherIncomeExpense': 348000000.0, 'sellingGeneralAndAdministration': 4886000000.0, 'reconciledDepreciation': 796000000.0, 'generalAndAdministrativeExpense': 4886000000.0, 'netIncomeFromContinuingOperationNetMinorityInterest': 2799000000.0, 'interestExpense': 352000000.0, 'pretaxIncome': 3100000000.0, 'netIncomeContinuousOperations': 2799000000.0, 'netIncome': 2799000000.0, 'ebit': 3452000000.0, 'specialIncomeCharges': 17000000.0, 'netIncomeIncludingNoncontrollingInterests': 2799000000.0, 'otherunderPreferredStockDividend': 20000000.0, 'operatingRevenue': 37762000000.0, 'netIncomeCommonStockholders': 2779000000.0, 'totalUnusualItems': 17000000.0, 'dilutedNIAvailtoComStockholders': 2779000000.0, 'taxEffectOfUnusualItems': 1650645.16129, 'netNonOperatingInterestIncomeExpense': -352000000.0}}], 'NKE': [{'2023-02-28': {'grossProfit': 22200000000.0, 'normalizedIncome': 5478000000.0, 'sellingAndMarketingExpense': 4029000000.0, 'taxRateForCalcs': 0.13446, 'costOfRevenue': 28426000000.0, 'totalRevenue': 50626000000.0, 'taxProvision': 851000000.0, 'netInterestIncome': -62000000.0, 'reconciledCostOfRevenue': 28426000000.0, 'operatingIncome': 6162000000.0, 'totalExpenses': 44464000000.0, 'otherIncomeExpense': 229000000.0, 'totalOtherFinanceCost': 62000000.0, 'netIncomeFromContinuingAndDiscontinuedOperation': 5478000000.0, 'operatingExpense': 16038000000.0, 'sellingGeneralAndAdministration': 14983000000.0, 'otherNonOperatingIncomeExpenses': 229000000.0, 'normalizedEBITDA': 7081000000.0, 'reconciledDepreciation': 919000000.0, 'netIncomeFromContinuingOperationNetMinorityInterest': 5478000000.0, 'pretaxIncome': 6329000000.0, 'netIncomeContinuousOperations': 5478000000.0, 'netIncome': 5478000000.0, 'ebit': 6162000000.0, 'netIncomeIncludingNoncontrollingInterests': 5478000000.0, 'operatingRevenue': 50626000000.0, 'dilutedNIAvailtoComStockholders': 5478000000.0, 'netIncomeCommonStockholders': 5478000000.0, 'taxEffectOfUnusualItems': 0.0, 'eBITDA': 7081000000.0, 'netNonOperatingInterestIncomeExpense': -62000000.0}}, {'2023-05-31': {'grossProfit': 22292000000.0, 'otherIncomeExpense': 280000000.0, 'operatingIncome': 5915000000.0, 'totalRevenue': 51217000000.0, 'normalizedIncome': 5070000000.0, 'sellingAndMarketingExpense': 4060000000.0, 'otherGandA': 12317000000.0, 'netInterestIncome': 6000000.0, 'taxProvision': 1131000000.0, 'reconciledCostOfRevenue': 28925000000.0, 'taxRateForCalcs': 0.182, 'costOfRevenue': 28925000000.0, 'totalExpenses': 45302000000.0, 'netIncomeContinuousOperations': 5070000000.0, 'ebit': 5915000000.0, 'pretaxIncome': 6201000000.0, 'netIncome': 5070000000.0, 'totalOtherFinanceCost': -6000000.0, 'netIncomeFromContinuingAndDiscontinuedOperation': 5070000000.0, 'operatingExpense': 16377000000.0, 'sellingGeneralAndAdministration': 16377000000.0, 'otherNonOperatingIncomeExpenses': 280000000.0, 'normalizedEBITDA': 5915000000.0, 'generalAndAdministrativeExpense': 12317000000.0, 'netIncomeFromContinuingOperationNetMinorityInterest': 5070000000.0, 'dilutedNIAvailtoComStockholders': 5070000000.0, 'taxEffectOfUnusualItems': 0.0, 'netIncomeCommonStockholders': 5070000000.0, 'operatingRevenue': 51217000000.0, 'netNonOperatingInterestIncomeExpense': 6000000.0, 'netIncomeIncludingNoncontrollingInterests': 5070000000.0, 'eBITDA': 5915000000.0}}, {'2020-05-31': {'otherIncomeExpense': -139000000.0, 'operatingIncome': 3115000000.0, 'totalRevenue': 37403000000.0, 'dilutedEPS': 1.6, 'grossProfit': 16241000000.0, 'normalizedIncome': 2539000000.0, 'netInterestIncome': -89000000.0, 'taxProvision': 348000000.0, 'sellingAndMarketingExpense': 3592000000.0, 'basicAverageShares': 1558800000.0, 'reconciledCostOfRevenue': 21162000000.0, 'totalExpenses': 34288000000.0, 'netIncomeContinuousOperations': 2539000000.0, 'basicEPS': 1.63, 'ebit': 3115000000.0, 'pretaxIncome': 2887000000.0, 'costOfRevenue': 21162000000.0, 'otherGandA': 9534000000.0, 'netIncome': 2539000000.0, 'netIncomeFromContinuingAndDiscontinuedOperation': 2539000000.0, 'operatingExpense': 13126000000.0, 'normalizedEBITDA': 3115000000.0, 'sellingGeneralAndAdministration': 13126000000.0, 'otherNonOperatingIncomeExpenses': -139000000.0, 'totalOtherFinanceCost': 89000000.0, 'dilutedNIAvailtoComStockholders': 2539000000.0, 'generalAndAdministrativeExpense': 9534000000.0, 'taxEffectOfUnusualItems': 0.0, 'netIncomeCommonStockholders': 2539000000.0, 'operatingRevenue': 37403000000.0, 'netNonOperatingInterestIncomeExpense': -89000000.0, 'netIncomeIncludingNoncontrollingInterests': 2539000000.0, 'reconciledDepreciation': 1119000000.0, 'dilutedAverageShares': 1591600000.0, 'taxRateForCalcs': 0.121, 'netIncomeFromContinuingOperationNetMinorityInterest': 2539000000.0}}, {'2021-05-31': {'otherIncomeExpense': -14000000.0, 'operatingIncome': 6937000000.0, 'totalRevenue': 44538000000.0, 'dilutedEPS': 3.56, 'grossProfit': 19962000000.0, 'normalizedIncome': 5727000000.0, 'netInterestIncome': -262000000.0, 'taxProvision': 934000000.0, 'sellingAndMarketingExpense': 3114000000.0, 'basicAverageShares': 1573000000.0, 'reconciledCostOfRevenue': 24576000000.0, 'totalExpenses': 37601000000.0, 'netIncomeContinuousOperations': 5727000000.0, 'basicEPS': 3.64, 'ebit': 6937000000.0, 'pretaxIncome': 6661000000.0, 'costOfRevenue': 24576000000.0, 'otherGandA': 9911000000.0, 'netIncome': 5727000000.0, 'netIncomeFromContinuingAndDiscontinuedOperation': 5727000000.0, 'operatingExpense': 13025000000.0, 'normalizedEBITDA': 6937000000.0, 'sellingGeneralAndAdministration': 13025000000.0, 'otherNonOperatingIncomeExpenses': -14000000.0, 'totalOtherFinanceCost': 262000000.0, 'dilutedNIAvailtoComStockholders': 5727000000.0, 'generalAndAdministrativeExpense': 9911000000.0, 'taxEffectOfUnusualItems': 0.0, 'netIncomeCommonStockholders': 5727000000.0, 'operatingRevenue': 44538000000.0, 'netNonOperatingInterestIncomeExpense': -262000000.0, 'netIncomeIncludingNoncontrollingInterests': 5727000000.0, 'reconciledDepreciation': 797000000.0, 'dilutedAverageShares': 1609400000.0, 'taxRateForCalcs': 0.14, 'netIncomeFromContinuingOperationNetMinorityInterest': 5727000000.0}}, {'2022-05-31': {'otherIncomeExpense': 181000000.0, 'operatingIncome': 6675000000.0, 'totalRevenue': 46710000000.0, 'dilutedEPS': 3.75, 'grossProfit': 21479000000.0, 'normalizedIncome': 6046000000.0, 'netInterestIncome': -205000000.0, 'taxProvision': 605000000.0, 'sellingAndMarketingExpense': 3850000000.0, 'basicAverageShares': 1578800000.0, 'reconciledCostOfRevenue': 25231000000.0, 'totalExpenses': 40035000000.0, 'netIncomeContinuousOperations': 6046000000.0, 'basicEPS': 3.83, 'ebit': 6675000000.0, 'pretaxIncome': 6651000000.0, 'costOfRevenue': 25231000000.0, 'otherGandA': 10954000000.0, 'netIncome': 6046000000.0, 'netIncomeFromContinuingAndDiscontinuedOperation': 6046000000.0, 'operatingExpense': 14804000000.0, 'normalizedEBITDA': 6675000000.0, 'sellingGeneralAndAdministration': 14804000000.0, 'otherNonOperatingIncomeExpenses': 181000000.0, 'totalOtherFinanceCost': 205000000.0, 'dilutedNIAvailtoComStockholders': 6046000000.0, 'generalAndAdministrativeExpense': 10954000000.0, 'taxEffectOfUnusualItems': 0.0, 'netIncomeCommonStockholders': 6046000000.0, 'operatingRevenue': 46710000000.0, 'netNonOperatingInterestIncomeExpense': -205000000.0, 'netIncomeIncludingNoncontrollingInterests': 6046000000.0, 'reconciledDepreciation': 840000000.0, 'dilutedAverageShares': 1610800000.0, 'taxRateForCalcs': 0.091, 'netIncomeFromContinuingOperationNetMinorityInterest': 6046000000.0}}], 'WMT': [{'2020-01-31': {'totalOperatingIncomeAsReported': 20568000000.0, 'netIncomeFromContinuingOperationNetMinorityInterest': 14881000000.0, 'reconciledDepreciation': 10987000000.0, 'taxEffectOfUnusualItems': 0.0, 'taxProvision': 4915000000.0, 'netIncomeContinuousOperations': 15201000000.0, 'operatingExpense': 108791000000.0, 'dilutedAverageShares': 2868000000.0, 'totalRevenue': 523964000000.0, 'dilutedEPS': 5.19, 'interestExpense': 2599000000.0, 'normalizedEBITDA': 33702000000.0, 'netIncomeIncludingNoncontrollingInterests': 15201000000.0, 'basicAverageShares': 2850000000.0, 'grossProfit': 129359000000.0, 'otherNonOperatingIncomeExpenses': 1958000000.0, 'operatingRevenue': 523964000000.0, 'interestIncome': 189000000.0, 'netNonOperatingInterestIncomeExpense': -2410000000.0, 'taxRateForCalcs': 0.244, 'reconciledCostOfRevenue': 394605000000.0, 'netIncomeCommonStockholders': 14881000000.0, 'basicEPS': 5.22, 'minorityInterests': -320000000.0, 'interestIncomeNonOperating': 189000000.0, 'specialIncomeCharges': 0.0, 'totalUnusualItems': 0.0, 'normalizedIncome': 14881000000.0, 'dilutedNIAvailtoComStockholders': 14881000000.0, 'ebit': 22715000000.0, 'netIncome': 14881000000.0, 'interestExpenseNonOperating': 2599000000.0, 'costOfRevenue': 394605000000.0, 'operatingIncome': 20568000000.0, 'pretaxIncome': 20116000000.0, 'sellingGeneralAndAdministration': 108791000000.0, 'netIncomeFromContinuingAndDiscontinuedOperation': 14881000000.0, 'netInterestIncome': -2410000000.0, 'otherIncomeExpense': 1958000000.0, 'totalUnusualItemsExcludingGoodwill': 0.0, 'totalExpenses': 503396000000.0}}, {'2021-01-31': {'totalOperatingIncomeAsReported': 22548000000.0, 'netIncomeFromContinuingOperationNetMinorityInterest': 13510000000.0, 'reconciledDepreciation': 11152000000.0, 'taxEffectOfUnusualItems': 0.0, 'taxProvision': 6858000000.0, 'netIncomeContinuousOperations': 13706000000.0, 'operatingExpense': 116288000000.0, 'dilutedAverageShares': 2847000000.0, 'totalRevenue': 559151000000.0, 'dilutedEPS': 4.75, 'interestExpense': 2315000000.0, 'normalizedEBITDA': 34031000000.0, 'netIncomeIncludingNoncontrollingInterests': 13706000000.0, 'basicAverageShares': 2831000000.0, 'grossProfit': 138836000000.0, 'otherNonOperatingIncomeExpenses': 210000000.0, 'operatingRevenue': 559151000000.0, 'interestIncome': 121000000.0, 'netNonOperatingInterestIncomeExpense': -2194000000.0, 'taxRateForCalcs': 0.333, 'reconciledCostOfRevenue': 420315000000.0, 'netIncomeCommonStockholders': 13510000000.0, 'basicEPS': 4.77, 'minorityInterests': -196000000.0, 'interestIncomeNonOperating': 121000000.0, 'normalizedIncome': 13510000000.0, 'dilutedNIAvailtoComStockholders': 13510000000.0, 'ebit': 22879000000.0, 'netIncome': 13510000000.0, 'interestExpenseNonOperating': 2315000000.0, 'costOfRevenue': 420315000000.0, 'operatingIncome': 22548000000.0, 'pretaxIncome': 20564000000.0, 'sellingGeneralAndAdministration': 116288000000.0, 'netIncomeFromContinuingAndDiscontinuedOperation': 13510000000.0, 'netInterestIncome': -2194000000.0, 'otherIncomeExpense': 210000000.0, 'totalExpenses': 536603000000.0}}, {'2022-01-31': {'totalOperatingIncomeAsReported': 25942000000.0, 'otherSpecialCharges': 2410000000.0, 'netIncomeFromContinuingOperationNetMinorityInterest': 13673000000.0, 'reconciledDepreciation': 10658000000.0, 'taxEffectOfUnusualItems': -612140000.0, 'taxProvision': 4756000000.0, 'netIncomeContinuousOperations': 13940000000.0, 'operatingExpense': 117812000000.0, 'dilutedAverageShares': 2805000000.0, 'totalRevenue': 572754000000.0, 'dilutedEPS': 4.87, 'interestExpense': 1994000000.0, 'normalizedEBITDA': 33758000000.0, 'netIncomeIncludingNoncontrollingInterests': 13940000000.0, 'basicAverageShares': 2792000000.0, 'grossProfit': 143754000000.0, 'otherNonOperatingIncomeExpenses': -3000000000.0, 'operatingRevenue': 572754000000.0, 'interestIncome': 158000000.0, 'netNonOperatingInterestIncomeExpense': -1836000000.0, 'taxRateForCalcs': 0.254, 'reconciledCostOfRevenue': 429000000000.0, 'netIncomeCommonStockholders': 13673000000.0, 'basicEPS': 4.9, 'minorityInterests': -267000000.0, 'interestIncomeNonOperating': 158000000.0, 'specialIncomeCharges': -2410000000.0, 'totalUnusualItems': -2410000000.0, 'normalizedIncome': 15470860000.0, 'dilutedNIAvailtoComStockholders': 13673000000.0, 'ebit': 20690000000.0, 'netIncome': 13673000000.0, 'interestExpenseNonOperating': 1994000000.0, 'costOfRevenue': 429000000000.0, 'operatingIncome': 25942000000.0, 'pretaxIncome': 18696000000.0, 'sellingGeneralAndAdministration': 117812000000.0, 'netIncomeFromContinuingAndDiscontinuedOperation': 13673000000.0, 'netInterestIncome': -1836000000.0, 'otherIncomeExpense': -5410000000.0, 'totalUnusualItemsExcludingGoodwill': -2410000000.0, 'totalExpenses': 546812000000.0}}, {'2023-01-31': {'totalOperatingIncomeAsReported': 20428000000.0, 'operatingRevenue': 611289000000.0, 'netIncomeFromContinuingOperationNetMinorityInterest': 11680000000.0, 'totalUnusualItemsExcludingGoodwill': 0.0, 'taxEffectOfUnusualItems': 0.0, 'reconciledDepreciation': 10945000000.0, 'taxProvision': 5724000000.0, 'normalizedEBITDA': 30089000000.0, 'netIncomeIncludingNoncontrollingInterests': 11292000000.0, 'netIncomeContinuousOperations': 11292000000.0, 'otherNonOperatingIncomeExpenses': -1538000000.0, 'operatingExpense': 127140000000.0, 'sellingGeneralAndAdministration': 127140000000.0, 'dilutedAverageShares': 2734000000.0, 'totalRevenue': 611289000000.0, 'interestIncome': 254000000.0, 'dilutedEPS': 4.27, 'costOfRevenue': 463721000000.0, 'interestExpense': 2128000000.0, 'dilutedNIAvailtoComStockholders': 11680000000.0, 'basicAverageShares': 2724000000.0, 'grossProfit': 147568000000.0, 'totalUnusualItems': 0.0, 'ebit': 19144000000.0, 'netNonOperatingInterestIncomeExpense': -1874000000.0, 'normalizedIncome': 11680000000.0, 'netIncomeCommonStockholders': 11680000000.0, 'taxRateForCalcs': 0.336, 'reconciledCostOfRevenue': 463721000000.0, 'totalExpenses': 590861000000.0, 'basicEPS': 4.29, 'specialIncomeCharges': 0.0, 'minorityInterests': 388000000.0, 'netIncome': 11680000000.0, 'interestIncomeNonOperating': 254000000.0, 'pretaxIncome': 17016000000.0, 'netInterestIncome': -1874000000.0, 'eBITDA': 30089000000.0, 'interestExpenseNonOperating': 2128000000.0, 'operatingIncome': 20428000000.0, 'netIncomeFromContinuingAndDiscontinuedOperation': 11680000000.0, 'otherIncomeExpense': -1538000000.0}}, {'2023-04-30': {'operatingRevenue': 622021000000.0, 'totalUnusualItemsExcludingGoodwill': 0.0, 'taxEffectOfUnusualItems': 0.0, 'totalOperatingIncomeAsReported': 21350000000.0, 'netIncomeFromContinuingOperationNetMinorityInterest': 11299000000.0, 'reconciledDepreciation': 11110000000.0, 'normalizedEBITDA': 30250000000.0, 'netIncomeIncludingNoncontrollingInterests': 11085000000.0, 'otherNonOperatingIncomeExpenses': -2535000000.0, 'sellingGeneralAndAdministration': 128513000000.0, 'interestIncome': 325000000.0, 'costOfRevenue': 472158000000.0, 'dilutedNIAvailtoComStockholders': 11299000000.0, 'operatingExpense': 128513000000.0, 'netIncomeContinuousOperations': 11085000000.0, 'totalUnusualItems': 0.0, 'ebit': 19140000000.0, 'normalizedIncome': 11299000000.0, 'netIncomeCommonStockholders': 11299000000.0, 'taxRateForCalcs': 0.340296, 'netNonOperatingInterestIncomeExpense': -2012000000.0, 'totalExpenses': 600671000000.0, 'reconciledCostOfRevenue': 472158000000.0, 'netIncome': 11299000000.0, 'pretaxIncome': 16803000000.0, 'netInterestIncome': -2012000000.0, 'eBITDA': 30250000000.0, 'interestIncomeNonOperating': 325000000.0, 'grossProfit': 149863000000.0, 'operatingIncome': 21350000000.0, 'netIncomeFromContinuingAndDiscontinuedOperation': 11299000000.0, 'interestExpenseNonOperating': 2337000000.0, 'totalRevenue': 622021000000.0, 'otherIncomeExpense': -2535000000.0, 'interestExpense': 2337000000.0, 'minorityInterests': 214000000.0, 'taxProvision': 5718000000.0}}], 'CRM': [{'2020-01-31': {'reconciledDepreciation': 2135000000.0, 'dilutedAverageShares': 850000000.0, 'netIncomeContinuousOperations': 126000000.0, 'otherSpecialCharges': 166000000.0, 'netIncomeFromContinuingOperationNetMinorityInterest': 126000000.0, 'totalOperatingIncomeAsReported': 297000000.0, 'netIncomeFromContinuingAndDiscontinuedOperation': 126000000.0, 'operatingExpense': 12400000000.0, 'taxEffectOfUnusualItems': 70470000.0, 'generalAndAdministrativeExpense': 1704000000.0, 'taxProvision': 580000000.0, 'dilutedEPS': 0.15, 'totalRevenue': 17098000000.0, 'operatingRevenue': 17098000000.0, 'taxRateForCalcs': 0.27, 'grossProfit': 12863000000.0, 'otherNonOperatingIncomeExpenses': -18000000.0, 'researchAndDevelopment': 2766000000.0, 'specialIncomeCharges': -166000000.0, 'netIncomeIncludingNoncontrollingInterests': 126000000.0, 'netIncomeCommonStockholders': 126000000.0, 'normalizedEBITDA': 2337000000.0, 'gainOnSaleOfSecurity': 427000000.0, 'otherGandA': 1704000000.0, 'reconciledCostOfRevenue': 4235000000.0, 'basicAverageShares': 829000000.0, 'ebit': 463000000.0, 'totalUnusualItems': 261000000.0, 'normalizedIncome': -64530000.0, 'sellingAndMarketingExpense': 7930000000.0, 'dilutedNIAvailtoComStockholders': 126000000.0, 'pretaxIncome': 706000000.0, 'costOfRevenue': 4235000000.0, 'netIncome': 126000000.0, 'operatingIncome': 463000000.0, 'otherIncomeExpense': 243000000.0, 'totalUnusualItemsExcludingGoodwill': 261000000.0, 'totalExpenses': 16635000000.0, 'sellingGeneralAndAdministration': 9634000000.0, 'basicEPS': 0.15}}, {'2021-01-31': {'reconciledDepreciation': 2846000000.0, 'dilutedAverageShares': 930000000.0, 'netIncomeContinuousOperations': 4072000000.0, 'netIncomeFromContinuingOperationNetMinorityInterest': 4072000000.0, 'totalOperatingIncomeAsReported': 455000000.0, 'netIncomeFromContinuingAndDiscontinuedOperation': 4072000000.0, 'operatingExpense': 15359000000.0, 'taxEffectOfUnusualItems': 585900000.0, 'generalAndAdministrativeExpense': 2087000000.0, 'taxProvision': -1511000000.0, 'dilutedEPS': 4.38, 'totalRevenue': 21252000000.0, 'operatingRevenue': 21252000000.0, 'taxRateForCalcs': 0.27, 'grossProfit': 15814000000.0, 'otherNonOperatingIncomeExpenses': -64000000.0, 'researchAndDevelopment': 3598000000.0, 'specialIncomeCharges': 0.0, 'netIncomeIncludingNoncontrollingInterests': 4072000000.0, 'netIncomeCommonStockholders': 4072000000.0, 'normalizedEBITDA': 1131000000.0, 'gainOnSaleOfSecurity': 2170000000.0, 'otherGandA': 2087000000.0, 'reconciledCostOfRevenue': 5438000000.0, 'basicAverageShares': 908000000.0, 'ebit': 455000000.0, 'totalUnusualItems': 2170000000.0, 'normalizedIncome': 2487900000.0, 'sellingAndMarketingExpense': 9674000000.0, 'dilutedNIAvailtoComStockholders': 4072000000.0, 'pretaxIncome': 2561000000.0, 'costOfRevenue': 5438000000.0, 'netIncome': 4072000000.0, 'operatingIncome': 455000000.0, 'otherIncomeExpense': 2106000000.0, 'totalUnusualItemsExcludingGoodwill': 2170000000.0, 'totalExpenses': 20797000000.0, 'sellingGeneralAndAdministration': 11761000000.0, 'basicEPS': 4.48}}, {'2022-01-31': {'reconciledDepreciation': 3298000000.0, 'dilutedAverageShares': 974000000.0, 'netIncomeContinuousOperations': 1444000000.0, 'netIncomeFromContinuingOperationNetMinorityInterest': 1444000000.0, 'totalOperatingIncomeAsReported': 548000000.0, 'netIncomeFromContinuingAndDiscontinuedOperation': 1444000000.0, 'operatingExpense': 18918000000.0, 'taxEffectOfUnusualItems': 69561357.70235, 'generalAndAdministrativeExpense': 2598000000.0, 'taxProvision': 88000000.0, 'dilutedEPS': 1.48, 'totalRevenue': 26492000000.0, 'operatingRevenue': 26492000000.0, 'writeOff': 51000000.0, 'taxRateForCalcs': 0.057441, 'grossProfit': 19466000000.0, 'otherNonOperatingIncomeExpenses': -227000000.0, 'researchAndDevelopment': 4465000000.0, 'specialIncomeCharges': -51000000.0, 'netIncomeIncludingNoncontrollingInterests': 1444000000.0, 'netIncomeCommonStockholders': 1444000000.0, 'normalizedEBITDA': 2635000000.0, 'gainOnSaleOfSecurity': 1211000000.0, 'otherGandA': 2598000000.0, 'reconciledCostOfRevenue': 7026000000.0, 'basicAverageShares': 955000000.0, 'ebit': 548000000.0, 'totalUnusualItems': 1211000000.0, 'normalizedIncome': 302561357.70235, 'sellingAndMarketingExpense': 11855000000.0, 'dilutedNIAvailtoComStockholders': 1444000000.0, 'pretaxIncome': 1532000000.0, 'costOfRevenue': 7026000000.0, 'netIncome': 1444000000.0, 'operatingIncome': 548000000.0, 'otherIncomeExpense': 984000000.0, 'totalUnusualItemsExcludingGoodwill': 1211000000.0, 'totalExpenses': 25944000000.0, 'sellingGeneralAndAdministration': 14453000000.0, 'basicEPS': 1.51}}, {'2023-01-31': {'reconciledDepreciation': 3786000000.0, 'dilutedAverageShares': 997000000.0, 'totalOperatingIncomeAsReported': 1030000000.0, 'netIncomeFromContinuingOperationNetMinorityInterest': 208000000.0, 'netIncomeContinuousOperations': 208000000.0, 'operatingRevenue': 31352000000.0, 'netIncomeFromContinuingAndDiscontinuedOperation': 208000000.0, 'otherNonOperatingIncomeExpenses': -131000000.0, 'sellingGeneralAndAdministration': 16079000000.0, 'operatingExpense': 21134000000.0, 'normalizedEBITDA': 6711000000.0, 'netIncomeIncludingNoncontrollingInterests': 208000000.0, 'taxEffectOfUnusualItems': -426800000.0, 'generalAndAdministrativeExpense': 2553000000.0, 'restructuringAndMergernAcquisition': 828000000.0, 'taxProvision': 452000000.0, 'costOfRevenue': 8360000000.0, 'dilutedEPS': 0.21, 'totalRevenue': 31352000000.0, 'researchAndDevelopment': 5055000000.0, 'ebit': 1858000000.0, 'writeOff': 491000000.0, 'taxRateForCalcs': 0.4, 'grossProfit': 22992000000.0, 'normalizedIncome': 848200000.0, 'totalUnusualItems': -1067000000.0, 'specialIncomeCharges': -1319000000.0, 'dilutedNIAvailtoComStockholders': 208000000.0, 'sellingAndMarketingExpense': 13526000000.0, 'netIncomeCommonStockholders': 208000000.0, 'gainOnSaleOfSecurity': -239000000.0, 'otherGandA': 2553000000.0, 'reconciledCostOfRevenue': 8360000000.0, 'basicAverageShares': 992000000.0, 'totalExpenses': 29494000000.0, 'eBITDA': 5644000000.0, 'netIncome': 208000000.0, 'pretaxIncome': 660000000.0, 'otherIncomeExpense': -1198000000.0, 'operatingIncome': 1858000000.0, 'totalUnusualItemsExcludingGoodwill': -1067000000.0, 'basicEPS': 0.21}}, {'2023-04-30': {'totalOperatingIncomeAsReported': 1422000000.0, 'netIncomeFromContinuingOperationNetMinorityInterest': 379000000.0, 'operatingRevenue': 32188000000.0, 'netIncomeContinuousOperations': 379000000.0, 'otherNonOperatingIncomeExpenses': -20000000.0, 'sellingGeneralAndAdministration': 15843000000.0, 'normalizedEBITDA': 9021000000.0, 'netIncomeIncludingNoncontrollingInterests': 379000000.0, 'reconciledDepreciation': 4134000000.0, 'costOfRevenue': 8440000000.0, 'researchAndDevelopment': 4944000000.0, 'operatingExpense': 20787000000.0, 'restructuringAndMergernAcquisition': 1539000000.0, 'ebit': 2961000000.0, 'normalizedIncome': 1534600000.0, 'totalUnusualItems': -1926000000.0, 'dilutedNIAvailtoComStockholders': 379000000.0, 'sellingAndMarketingExpense': 13308000000.0, 'taxEffectOfUnusualItems': -770400000.0, 'gainOnSaleOfSecurity': 270000000.0, 'otherGandA': 2535000000.0, 'reconciledCostOfRevenue': 8440000000.0, 'totalExpenses': 29227000000.0, 'writeOff': 657000000.0, 'eBITDA': 7095000000.0, 'grossProfit': 23748000000.0, 'netIncomeCommonStockholders': 379000000.0, 'taxRateForCalcs': 0.4, 'netIncome': 379000000.0, 'pretaxIncome': 1015000000.0, 'specialIncomeCharges': -2196000000.0, 'totalRevenue': 32188000000.0, 'otherIncomeExpense': -1946000000.0, 'totalUnusualItemsExcludingGoodwill': -1926000000.0, 'netIncomeFromContinuingAndDiscontinuedOperation': 379000000.0, 'operatingIncome': 2961000000.0, 'taxProvision': 636000000.0, 'generalAndAdministrativeExpense': 2535000000.0}}], 'UNH': [{'2019-12-31': {'ebit': 19685000000.0, 'netIncomeCommonStockholders': 13839000000.0, 'totalUnusualItems': 1886000000.0, 'totalExpenses': 222470000000.0, 'netNonOperatingInterestIncomeExpense': -1704000000.0, 'otherOperatingExpenses': 35193000000.0, 'interestExpense': 1704000000.0, 'pretaxIncome': 17981000000.0, 'netIncome': 13839000000.0, 'taxRateForCalcs': 0.208109, 'netIncomeFromContinuingAndDiscontinuedOperation': 13839000000.0, 'otherIncomeExpense': 1886000000.0, 'operatingIncome': 17799000000.0, 'interestExpenseNonOperating': 1704000000.0, 'totalRevenue': 240269000000.0, 'netInterestIncome': -1704000000.0, 'dilutedAverageShares': 966000000.0, 'taxProvision': 3742000000.0, 'minorityInterests': -400000000.0, 'reconciledCostOfRevenue': 184557000000.0, 'totalUnusualItemsExcludingGoodwill': 1886000000.0, 'dilutedEPS': 14.33, 'netIncomeIncludingNoncontrollingInterests': 14239000000.0, 'netIncomeContinuousOperations': 14239000000.0, 'operatingRevenue': 240269000000.0, 'basicAverageShares': 951000000.0, 'reconciledDepreciation': 2720000000.0, 'netIncomeFromContinuingOperationNetMinorityInterest': 13839000000.0, 'costOfRevenue': 184557000000.0, 'grossProfit': 55712000000.0, 'operatingExpense': 37913000000.0, 'depreciationAmortizationDepletionIncomeStatement': 2720000000.0, 'normalizedEBITDA': 20519000000.0, 'basicEPS': 14.55, 'normalizedIncome': 12345492742.339136, 'depreciationAndAmortizationInIncomeStatement': 2720000000.0, 'gainOnSaleOfSecurity': 1886000000.0, 'dilutedNIAvailtoComStockholders': 13839000000.0, 'totalOperatingIncomeAsReported': 19685000000.0, 'taxEffectOfUnusualItems': 392492742.339136}}, {'2020-12-31': {'ebit': 22405000000.0, 'netIncomeCommonStockholders': 15403000000.0, 'totalUnusualItems': 1502000000.0, 'totalExpenses': 234736000000.0, 'netNonOperatingInterestIncomeExpense': -1663000000.0, 'otherOperatingExpenses': 41704000000.0, 'interestExpense': 1663000000.0, 'pretaxIncome': 20742000000.0, 'netIncome': 15403000000.0, 'taxRateForCalcs': 0.239755, 'netIncomeFromContinuingAndDiscontinuedOperation': 15403000000.0, 'otherIncomeExpense': 1502000000.0, 'operatingIncome': 20903000000.0, 'interestExpenseNonOperating': 1663000000.0, 'totalRevenue': 255639000000.0, 'netInterestIncome': -1663000000.0, 'dilutedAverageShares': 961000000.0, 'taxProvision': 4973000000.0, 'minorityInterests': -366000000.0, 'reconciledCostOfRevenue': 190141000000.0, 'totalUnusualItemsExcludingGoodwill': 1502000000.0, 'dilutedEPS': 16.03, 'netIncomeIncludingNoncontrollingInterests': 15769000000.0, 'netIncomeContinuousOperations': 15769000000.0, 'operatingRevenue': 255639000000.0, 'basicAverageShares': 949000000.0, 'reconciledDepreciation': 2891000000.0, 'netIncomeFromContinuingOperationNetMinorityInterest': 15403000000.0, 'costOfRevenue': 190141000000.0, 'grossProfit': 65498000000.0, 'operatingExpense': 44595000000.0, 'depreciationAmortizationDepletionIncomeStatement': 2891000000.0, 'normalizedEBITDA': 23794000000.0, 'basicEPS': 16.23, 'normalizedIncome': 14261112139.620094, 'depreciationAndAmortizationInIncomeStatement': 2891000000.0, 'gainOnSaleOfSecurity': 1502000000.0, 'dilutedNIAvailtoComStockholders': 15403000000.0, 'totalOperatingIncomeAsReported': 22405000000.0, 'taxEffectOfUnusualItems': 360112139.620094}}, {'2021-12-31': {'ebit': 23970000000.0, 'netIncomeCommonStockholders': 17285000000.0, 'totalUnusualItems': 2324000000.0, 'totalExpenses': 263627000000.0, 'netNonOperatingInterestIncomeExpense': -1660000000.0, 'otherOperatingExpenses': 42579000000.0, 'interestExpense': 1660000000.0, 'pretaxIncome': 22310000000.0, 'netIncome': 17285000000.0, 'taxRateForCalcs': 0.205199, 'netIncomeFromContinuingAndDiscontinuedOperation': 17285000000.0, 'otherIncomeExpense': 2324000000.0, 'operatingIncome': 21646000000.0, 'interestExpenseNonOperating': 1660000000.0, 'totalRevenue': 285273000000.0, 'netInterestIncome': -1660000000.0, 'dilutedAverageShares': 956000000.0, 'taxProvision': 4578000000.0, 'minorityInterests': -447000000.0, 'reconciledCostOfRevenue': 217945000000.0, 'totalUnusualItemsExcludingGoodwill': 2324000000.0, 'dilutedEPS': 18.08, 'netIncomeIncludingNoncontrollingInterests': 17732000000.0, 'netIncomeContinuousOperations': 17732000000.0, 'operatingRevenue': 285273000000.0, 'basicAverageShares': 943000000.0, 'reconciledDepreciation': 3103000000.0, 'netIncomeFromContinuingOperationNetMinorityInterest': 17285000000.0, 'costOfRevenue': 217945000000.0, 'grossProfit': 67328000000.0, 'operatingExpense': 45682000000.0, 'depreciationAmortizationDepletionIncomeStatement': 3103000000.0, 'normalizedEBITDA': 24749000000.0, 'basicEPS': 18.33, 'normalizedIncome': 15437883549.977589, 'depreciationAndAmortizationInIncomeStatement': 3103000000.0, 'gainOnSaleOfSecurity': 2324000000.0, 'dilutedNIAvailtoComStockholders': 17285000000.0, 'totalOperatingIncomeAsReported': 23970000000.0, 'taxEffectOfUnusualItems': 476883549.977589}}, {'2022-12-31': {'ebit': 28435000000.0, 'otherOperatingExpenses': 47782000000.0, 'netIncomeCommonStockholders': 20120000000.0, 'totalUnusualItems': 2030000000.0, 'totalExpenses': 295727000000.0, 'dilutedNIAvailtoComStockholders': 20120000000.0, 'netNonOperatingInterestIncomeExpense': -2092000000.0, 'interestExpense': 2092000000.0, 'pretaxIncome': 26343000000.0, 'reconciledCostOfRevenue': 244545000000.0, 'eBITDA': 31835000000.0, 'gainOnSaleOfSecurity': 2030000000.0, 'netIncome': 20120000000.0, 'minorityInterests': -519000000.0, 'taxRateForCalcs': 0.216528, 'netIncomeFromContinuingAndDiscontinuedOperation': 20120000000.0, 'netInterestIncome': -2092000000.0, 'normalizedEBITDA': 29805000000.0, 'otherIncomeExpense': 2030000000.0, 'operatingIncome': 26405000000.0, 'interestExpenseNonOperating': 2092000000.0, 'totalRevenue': 322132000000.0, 'reconciledDepreciation': 3400000000.0, 'grossProfit': 77587000000.0, 'depreciationAmortizationDepletionIncomeStatement': 3400000000.0, 'dilutedAverageShares': 950000000.0, 'taxProvision': 5704000000.0, 'netIncomeFromContinuingOperationNetMinorityInterest': 20120000000.0, 'netIncomeIncludingNoncontrollingInterests': 20639000000.0, 'totalUnusualItemsExcludingGoodwill': 2030000000.0, 'dilutedEPS': 21.18, 'operatingRevenue': 322132000000.0, 'netIncomeContinuousOperations': 20639000000.0, 'taxEffectOfUnusualItems': 439552063.166686, 'basicAverageShares': 937000000.0, 'costOfRevenue': 244545000000.0, 'totalOperatingIncomeAsReported': 28435000000.0, 'normalizedIncome': 18529552063.166687, 'operatingExpense': 51182000000.0, 'basicEPS': 21.47, 'depreciationAndAmortizationInIncomeStatement': 3400000000.0}}, {'2023-03-31': {'otherOperatingExpenses': 50006000000.0, 'dilutedNIAvailtoComStockholders': 20704000000.0, 'totalUnusualItems': 2461000000.0, 'ebit': 29571000000.0, 'netIncomeCommonStockholders': 20704000000.0, 'reconciledCostOfRevenue': 252785000000.0, 'netNonOperatingInterestIncomeExpense': -2413000000.0, 'eBITDA': 33153000000.0, 'gainOnSaleOfSecurity': 2461000000.0, 'totalExpenses': 306373000000.0, 'minorityInterests': -561000000.0, 'netIncomeFromContinuingAndDiscontinuedOperation': 20704000000.0, 'netInterestIncome': -2413000000.0, 'normalizedEBITDA': 30692000000.0, 'reconciledDepreciation': 3582000000.0, 'grossProfit': 80698000000.0, 'depreciationAmortizationDepletionIncomeStatement': 3582000000.0, 'totalRevenue': 333483000000.0, 'taxRateForCalcs': 0.216989, 'interestExpense': 2413000000.0, 'netIncomeFromContinuingOperationNetMinorityInterest': 20704000000.0, 'netIncomeIncludingNoncontrollingInterests': 21265000000.0, 'taxProvision': 5893000000.0, 'totalUnusualItemsExcludingGoodwill': 2461000000.0, 'operatingRevenue': 333483000000.0, 'taxEffectOfUnusualItems': 534011083.290375, 'interestExpenseNonOperating': 2413000000.0, 'otherIncomeExpense': 2461000000.0, 'totalOperatingIncomeAsReported': 29571000000.0, 'operatingIncome': 27110000000.0, 'normalizedIncome': 18777011083.290375, 'operatingExpense': 53588000000.0, 'depreciationAndAmortizationInIncomeStatement': 3582000000.0, 'costOfRevenue': 252785000000.0, 'pretaxIncome': 27158000000.0, 'netIncomeContinuousOperations': 21265000000.0, 'netIncome': 20704000000.0}}], 'JPM': [{'2019-12-31': {'netInterestIncome': 57245000000.0, 'gainOnSaleOfSecurity': 258000000.0, 'sellingAndMarketingExpense': 3579000000.0, 'basicEPS': 10.75, 'taxRateForCalcs': 0.182, 'otherGandA': 9821000000.0, 'otherunderPreferredStockDividend': 202000000.0, 'totalRevenue': 115627000000.0, 'normalizedIncome': 36431000000.0, 'pretaxIncome': 44545000000.0, 'taxProvision': 8114000000.0, 'salariesAndWages': 34155000000.0, 'netIncome': 36431000000.0, 'netIncomeFromContinuingAndDiscontinuedOperation': 36431000000.0, 'sellingGeneralAndAdministration': 37734000000.0, 'netIncomeFromContinuingOperationNetMinorityInterest': 36431000000.0, 'reconciledDepreciation': 8368000000.0, 'generalAndAdministrativeExpense': 34155000000.0, 'taxEffectOfUnusualItems': 0.0, 'netIncomeContinuousOperations': 36431000000.0, 'preferredStockDividends': 1587000000.0, 'dilutedAverageShares': 3230400000.0, 'dilutedNIAvailtoComStockholders': 34642000000.0, 'dilutedEPS': 10.72, 'interestExpense': 26795000000.0, 'netIncomeCommonStockholders': 34642000000.0, 'basicAverageShares': 3221500000.0, 'netIncomeIncludingNoncontrollingInterests': 36431000000.0, 'interestIncome': 84040000000.0, 'operatingRevenue': 115627000000.0}}, {'2020-12-31': {'netInterestIncome': 54563000000.0, 'gainOnSaleOfSecurity': 802000000.0, 'sellingAndMarketingExpense': 2476000000.0, 'basicEPS': 8.89, 'taxRateForCalcs': 0.177, 'otherGandA': 10338000000.0, 'otherunderPreferredStockDividend': 138000000.0, 'totalRevenue': 119543000000.0, 'normalizedIncome': 29131000000.0, 'pretaxIncome': 35407000000.0, 'taxProvision': 6276000000.0, 'salariesAndWages': 34988000000.0, 'netIncome': 29131000000.0, 'netIncomeFromContinuingAndDiscontinuedOperation': 29131000000.0, 'sellingGeneralAndAdministration': 37464000000.0, 'netIncomeFromContinuingOperationNetMinorityInterest': 29131000000.0, 'reconciledDepreciation': 8614000000.0, 'generalAndAdministrativeExpense': 34988000000.0, 'taxEffectOfUnusualItems': 0.0, 'netIncomeContinuousOperations': 29131000000.0, 'preferredStockDividends': 1583000000.0, 'dilutedAverageShares': 3087400000.0, 'dilutedNIAvailtoComStockholders': 27410000000.0, 'dilutedEPS': 8.88, 'interestExpense': 9960000000.0, 'netIncomeCommonStockholders': 27410000000.0, 'basicAverageShares': 3082400000.0, 'netIncomeIncludingNoncontrollingInterests': 29131000000.0, 'interestIncome': 64523000000.0, 'operatingRevenue': 119543000000.0}}, {'2021-12-31': {'netInterestIncome': 52311000000.0, 'gainOnSaleOfSecurity': -345000000.0, 'sellingAndMarketingExpense': 3036000000.0, 'basicEPS': 15.39, 'taxRateForCalcs': 0.189, 'otherunderPreferredStockDividend': 231000000.0, 'totalRevenue': 121649000000.0, 'normalizedIncome': 48334000000.0, 'pretaxIncome': 59562000000.0, 'taxProvision': 11228000000.0, 'salariesAndWages': 38567000000.0, 'netIncome': 48334000000.0, 'netIncomeFromContinuingAndDiscontinuedOperation': 48334000000.0, 'sellingGeneralAndAdministration': 41603000000.0, 'netIncomeFromContinuingOperationNetMinorityInterest': 48334000000.0, 'reconciledDepreciation': 7932000000.0, 'generalAndAdministrativeExpense': 38567000000.0, 'taxEffectOfUnusualItems': 0.0, 'netIncomeContinuousOperations': 48334000000.0, 'preferredStockDividends': 1600000000.0, 'dilutedAverageShares': 3026600000.0, 'dilutedNIAvailtoComStockholders': 46503000000.0, 'dilutedEPS': 15.36, 'interestExpense': 5553000000.0, 'netIncomeCommonStockholders': 46503000000.0, 'basicAverageShares': 3021500000.0, 'netIncomeIncludingNoncontrollingInterests': 48334000000.0, 'interestIncome': 57864000000.0, 'operatingRevenue': 121649000000.0}}, {'2022-12-31': {'netInterestIncome': 66710000000.0, 'gainOnSaleOfSecurity': -2434000000.0, 'sellingAndMarketingExpense': 3911000000.0, 'taxRateForCalcs': 0.183902, 'basicEPS': 12.1, 'specialIncomeCharges': -266000000.0, 'otherunderPreferredStockDividend': 189000000.0, 'totalRevenue': 128641000000.0, 'netIncomeCommonStockholders': 35892000000.0, 'totalUnusualItems': -266000000.0, 'normalizedIncome': 37676000000.0, 'pretaxIncome': 46166000000.0, 'interestExpense': 26097000000.0, 'preferredStockDividends': 1595000000.0, 'taxProvision': 8490000000.0, 'salariesAndWages': 41636000000.0, 'netIncome': 37676000000.0, 'netIncomeFromContinuingAndDiscontinuedOperation': 37676000000.0, 'totalUnusualItemsExcludingGoodwill': -266000000.0, 'generalAndAdministrativeExpense': 41636000000.0, 'sellingGeneralAndAdministration': 45547000000.0, 'taxEffectOfUnusualItems': -48917818.307846, 'netIncomeFromContinuingOperationNetMinorityInterest': 37676000000.0, 'reconciledDepreciation': 7051000000.0, 'netIncomeContinuousOperations': 37676000000.0, 'otherSpecialCharges': 266000000.0, 'netIncomeIncludingNoncontrollingInterests': 37676000000.0, 'operatingRevenue': 128695000000.0, 'dilutedAverageShares': 2970000000.0, 'interestIncome': 92807000000.0, 'dilutedNIAvailtoComStockholders': 35892000000.0, 'dilutedEPS': 12.09, 'basicAverageShares': 2965800000.0}}, {'2023-03-31': {'gainOnSaleOfSecurity': -2910000000.0, 'taxRateForCalcs': 0.193086, 'netInterestIncome': 73549000000.0, 'netIncomeCommonStockholders': 40240000000.0, 'totalRevenue': 136271000000.0, 'interestExpense': 40766000000.0, 'preferredStockDividends': 1554000000.0, 'netIncomeFromContinuingAndDiscontinuedOperation': 42016000000.0, 'generalAndAdministrativeExpense': 42525000000.0, 'salariesAndWages': 42525000000.0, 'taxProvision': 10054000000.0, 'taxEffectOfUnusualItems': 0.0, 'netIncomeContinuousOperations': 42016000000.0, 'netIncomeFromContinuingOperationNetMinorityInterest': 42016000000.0, 'netIncomeIncludingNoncontrollingInterests': 42016000000.0, 'sellingGeneralAndAdministration': 46561000000.0, 'operatingRevenue': 136271000000.0, 'reconciledDepreciation': 6880000000.0, 'interestIncome': 114315000000.0, 'pretaxIncome': 52070000000.0, 'netIncome': 42016000000.0, 'normalizedIncome': 42016000000.0, 'otherunderPreferredStockDividend': 222000000.0, 'sellingAndMarketingExpense': 4036000000.0, 'dilutedNIAvailtoComStockholders': 40240000000.0}}], 'CVX': [{'2022-12-31': {'reconciledDepreciation': 16300000000.0, 'normalizedEBITDA': 66995000000.0, 'otherNonOperatingIncomeExpenses': 1950000000.0, 'sellingGeneralAndAdministration': 4312000000.0, 'netIncomeContinuousOperations': 35608000000.0, 'operatingExpense': 34032000000.0, 'netIncomeFromContinuingAndDiscontinuedOperation': 35465000000.0, 'taxEffectOfUnusualItems': 0.0, 'basicEPS': 18.36, 'netIncomeFromContinuingOperationNetMinorityInterest': 35465000000.0, 'netIncomeIncludingNoncontrollingInterests': 35608000000.0, 'dilutedAverageShares': 1940277000.0, 'interestExpense': 516000000.0, 'taxProvision': 14066000000.0, 'dilutedNIAvailtoComStockholders': 35465000000.0, 'earningsFromEquityInterest': 8585000000.0, 'operatingRevenue': 235717000000.0, 'otherOperatingExpenses': 25688000000.0, 'ebit': 50190000000.0, 'totalRevenue': 235717000000.0, 'taxRateForCalcs': 0.283, 'netIncomeCommonStockholders': 35465000000.0, 'netNonOperatingInterestIncomeExpense': -516000000.0, 'normalizedIncome': 35465000000.0, 'minorityInterests': -143000000.0, 'eBITDA': 66995000000.0, 'netInterestIncome': -516000000.0, 'otherTaxes': 4032000000.0, 'grossProfit': 73982000000.0, 'otherIncomeExpense': 10240000000.0, 'interestExpenseNonOperating': 516000000.0, 'reconciledCostOfRevenue': 161735000000.0, 'operatingIncome': 39950000000.0, 'dilutedEPS': 18.28, 'costOfRevenue': 161735000000.0, 'netIncome': 35465000000.0, 'pretaxIncome': 49674000000.0, 'basicAverageShares': 1931486000.0, 'totalExpenses': 195767000000.0}}, {'2023-03-31': {'reconciledDepreciation': 16647000000.0, 'otherNonOperatingIncomeExpenses': 2070000000.0, 'sellingGeneralAndAdministration': 4226000000.0, 'normalizedEBITDA': 67281000000.0, 'netIncomeContinuousOperations': 35936000000.0, 'operatingExpense': 34166000000.0, 'netIncomeFromContinuingOperationNetMinorityInterest': 35780000000.0, 'interestExpense': 495000000.0, 'dilutedNIAvailtoComStockholders': 35780000000.0, 'earningsFromEquityInterest': 8088000000.0, 'otherOperatingExpenses': 26052000000.0, 'ebit': 50634000000.0, 'netIncomeIncludingNoncontrollingInterests': 35936000000.0, 'operatingRevenue': 232245000000.0, 'taxEffectOfUnusualItems': 0.0, 'netNonOperatingInterestIncomeExpense': -495000000.0, 'minorityInterests': -156000000.0, 'eBITDA': 67281000000.0, 'otherTaxes': 3888000000.0, 'normalizedIncome': 35780000000.0, 'grossProfit': 74642000000.0, 'netIncomeCommonStockholders': 35780000000.0, 'totalRevenue': 232245000000.0, 'costOfRevenue': 157603000000.0, 'netIncome': 35780000000.0, 'taxRateForCalcs': 0.283273, 'taxProvision': 14203000000.0, 'pretaxIncome': 50139000000.0, 'operatingIncome': 40476000000.0, 'interestExpenseNonOperating': 495000000.0, 'totalExpenses': 191769000000.0, 'otherIncomeExpense': 10158000000.0, 'reconciledCostOfRevenue': 157603000000.0, 'netIncomeFromContinuingAndDiscontinuedOperation': 35780000000.0, 'netInterestIncome': -495000000.0}}, {'2019-12-31': {'normalizedEBITDA': 35534000000.0, 'sellingGeneralAndAdministration': 4143000000.0, 'operatingExpense': 30851000000.0, 'otherNonOperatingIncomeExpenses': 2683000000.0, 'netIncomeContinuousOperations': 2845000000.0, 'netIncomeFromContinuingAndDiscontinuedOperation': 2924000000.0, 'taxEffectOfUnusualItems': 0.0, 'basicEPS': 1.55, 'netIncomeIncludingNoncontrollingInterests': 2845000000.0, 'dilutedAverageShares': 1895126000.0, 'taxProvision': 2691000000.0, 'operatingRevenue': 139865000000.0, 'otherOperatingExpenses': 26715000000.0, 'totalRevenue': 139865000000.0, 'taxRateForCalcs': 0.27, 'netIncomeCommonStockholders': 2924000000.0, 'interestExpense': 798000000.0, 'netIncomeFromContinuingOperationNetMinorityInterest': 2924000000.0, 'reconciledDepreciation': 29200000000.0, 'normalizedIncome': 2924000000.0, 'netInterestIncome': -798000000.0, 'grossProfit': 30534000000.0, 'otherIncomeExpense': 6651000000.0, 'interestExpenseNonOperating': 798000000.0, 'netNonOperatingInterestIncomeExpense': -798000000.0, 'reconciledCostOfRevenue': 109331000000.0, 'operatingIncome': -317000000.0, 'dilutedEPS': 1.54, 'minorityInterests': 79000000.0, 'otherTaxes': 4136000000.0, 'dilutedNIAvailtoComStockholders': 2924000000.0, 'netIncome': 2924000000.0, 'ebit': 6334000000.0, 'basicAverageShares': 1882499000.0, 'earningsFromEquityInterest': 3968000000.0, 'totalExpenses': 140182000000.0, 'costOfRevenue': 109331000000.0, 'pretaxIncome': 5536000000.0}}, {'2020-12-31': {'normalizedEBITDA': 12744000000.0, 'sellingGeneralAndAdministration': 4213000000.0, 'operatingExpense': 31452000000.0, 'otherNonOperatingIncomeExpenses': 693000000.0, 'netIncomeContinuousOperations': -5561000000.0, 'netIncomeFromContinuingAndDiscontinuedOperation': -5543000000.0, 'taxEffectOfUnusualItems': 0.0, 'basicEPS': -2.96, 'netIncomeIncludingNoncontrollingInterests': -5561000000.0, 'dilutedAverageShares': 1870027000.0, 'taxProvision': -1892000000.0, 'operatingRevenue': 94471000000.0, 'otherOperatingExpenses': 26953000000.0, 'totalRevenue': 94471000000.0, 'taxRateForCalcs': 0.253858, 'netIncomeCommonStockholders': -5543000000.0, 'interestExpense': 697000000.0, 'netIncomeFromContinuingOperationNetMinorityInterest': -5543000000.0, 'reconciledDepreciation': 19500000000.0, 'normalizedIncome': -5543000000.0, 'netInterestIncome': -697000000.0, 'grossProfit': 24475000000.0, 'otherIncomeExpense': 221000000.0, 'interestExpenseNonOperating': 697000000.0, 'netNonOperatingInterestIncomeExpense': -697000000.0, 'reconciledCostOfRevenue': 69996000000.0, 'operatingIncome': -6977000000.0, 'dilutedEPS': -2.96, 'minorityInterests': 18000000.0, 'otherTaxes': 4499000000.0, 'dilutedNIAvailtoComStockholders': -5543000000.0, 'netIncome': -5543000000.0, 'ebit': -6756000000.0, 'basicAverageShares': 1870027000.0, 'earningsFromEquityInterest': -472000000.0, 'totalExpenses': 101448000000.0, 'costOfRevenue': 69996000000.0, 'pretaxIncome': -7453000000.0}}, {'2021-12-31': {'normalizedEBITDA': 40251000000.0, 'sellingGeneralAndAdministration': 4014000000.0, 'operatingExpense': 32817000000.0, 'otherNonOperatingIncomeExpenses': 1202000000.0, 'netIncomeContinuousOperations': 15689000000.0, 'netIncomeFromContinuingAndDiscontinuedOperation': 15625000000.0, 'taxEffectOfUnusualItems': 0.0, 'basicEPS': 8.15, 'netIncomeIncludingNoncontrollingInterests': 15689000000.0, 'dilutedAverageShares': 1920275000.0, 'taxProvision': 5950000000.0, 'operatingRevenue': 155606000000.0, 'otherOperatingExpenses': 25977000000.0, 'totalRevenue': 155606000000.0, 'taxRateForCalcs': 0.274966, 'netIncomeCommonStockholders': 15625000000.0, 'interestExpense': 712000000.0, 'netIncomeFromContinuingOperationNetMinorityInterest': 15625000000.0, 'reconciledDepreciation': 17900000000.0, 'normalizedIncome': 15625000000.0, 'netInterestIncome': -712000000.0, 'grossProfit': 48309000000.0, 'otherIncomeExpense': 6859000000.0, 'interestExpenseNonOperating': 712000000.0, 'netNonOperatingInterestIncomeExpense': -712000000.0, 'reconciledCostOfRevenue': 107297000000.0, 'operatingIncome': 15492000000.0, 'dilutedEPS': 8.14, 'minorityInterests': -64000000.0, 'otherTaxes': 6840000000.0, 'dilutedNIAvailtoComStockholders': 15625000000.0, 'netIncome': 15625000000.0, 'ebit': 22351000000.0, 'basicAverageShares': 1915989000.0, 'earningsFromEquityInterest': 5657000000.0, 'totalExpenses': 140114000000.0, 'costOfRevenue': 107297000000.0, 'pretaxIncome': 21639000000.0}}, {'2019-06-30': {'specialIncomeCharges': 1979000000.0}}], 'V': [{'2019-09-30': {'netInterestIncome': -533000000.0, 'otherGandA': 1650000000.0, 'reconciledCostOfRevenue': 4165000000.0, 'normalizedIncome': 12067008000.0, 'gainOnSaleOfSecurity': 416000000.0, 'sellingAndMarketingExpense': 1105000000.0, 'taxRateForCalcs': 0.188, 'ebit': 15417000000.0, 'costOfRevenue': 4165000000.0, 'totalRevenue': 22977000000.0, 'netIncome': 12080000000.0, 'pretaxIncome': 14884000000.0, 'dilutedAverageShares': 2272000000.0, 'basicAverageShares': 2189301000.0, 'taxProvision': 2804000000.0, 'netIncomeFromContinuingAndDiscontinuedOperation': 12080000000.0, 'otherIncomeExpense': 16000000.0, 'operatingIncome': 15401000000.0, 'dilutedEPS': 5.32, 'sellingGeneralAndAdministration': 2755000000.0, 'totalExpenses': 7576000000.0, 'interestExpenseNonOperating': 533000000.0, 'totalUnusualItemsExcludingGoodwill': 16000000.0, 'reconciledDepreciation': 656000000.0, 'depreciationAndAmortizationInIncomeStatement': 656000000.0, 'netIncomeFromContinuingOperationNetMinorityInterest': 12080000000.0, 'generalAndAdministrativeExpense': 1650000000.0, 'normalizedEBITDA': 16057000000.0, 'taxEffectOfUnusualItems': 3008000.0, 'operatingExpense': 3411000000.0, 'totalOtherFinanceCost': 533000000.0, 'netIncomeContinuousOperations': 12080000000.0, 'interestExpense': 533000000.0, 'totalUnusualItems': 16000000.0, 'netIncomeIncludingNoncontrollingInterests': 12080000000.0, 'specialIncomeCharges': -400000000.0, 'dilutedNIAvailtoComStockholders': 12080000000.0, 'operatingRevenue': 22977000000.0, 'netIncomeCommonStockholders': 12080000000.0, 'depreciationAmortizationDepletionIncomeStatement': 656000000.0, 'grossProfit': 18812000000.0, 'totalOperatingIncomeAsReported': 15001000000.0, 'netNonOperatingInterestIncomeExpense': -533000000.0, 'basicEPS': 5.32, 'otherSpecialCharges': 400000000.0}}, {'2020-09-30': {'netInterestIncome': -516000000.0, 'otherGandA': 1504000000.0, 'reconciledCostOfRevenue': 4512000000.0, 'normalizedIncome': 10697368000.0, 'gainOnSaleOfSecurity': 225000000.0, 'sellingAndMarketingExpense': 971000000.0, 'taxRateForCalcs': 0.212, 'ebit': 14306000000.0, 'costOfRevenue': 4512000000.0, 'totalRevenue': 21846000000.0, 'netIncome': 10866000000.0, 'pretaxIncome': 13790000000.0, 'dilutedAverageShares': 2223000000.0, 'basicAverageShares': 2139000000.0, 'taxProvision': 2924000000.0, 'netIncomeFromContinuingAndDiscontinuedOperation': 10866000000.0, 'otherIncomeExpense': 214000000.0, 'operatingIncome': 14092000000.0, 'dilutedEPS': 4.89, 'sellingGeneralAndAdministration': 2475000000.0, 'totalExpenses': 7754000000.0, 'interestExpenseNonOperating': 516000000.0, 'totalUnusualItemsExcludingGoodwill': 214000000.0, 'reconciledDepreciation': 767000000.0, 'depreciationAndAmortizationInIncomeStatement': 767000000.0, 'netIncomeFromContinuingOperationNetMinorityInterest': 10866000000.0, 'generalAndAdministrativeExpense': 1504000000.0, 'normalizedEBITDA': 14859000000.0, 'taxEffectOfUnusualItems': 45368000.0, 'operatingExpense': 3242000000.0, 'netIncomeContinuousOperations': 10866000000.0, 'interestExpense': 516000000.0, 'totalUnusualItems': 214000000.0, 'netIncomeIncludingNoncontrollingInterests': 10866000000.0, 'specialIncomeCharges': -11000000.0, 'dilutedNIAvailtoComStockholders': 10866000000.0, 'operatingRevenue': 21846000000.0, 'netIncomeCommonStockholders': 10866000000.0, 'depreciationAmortizationDepletionIncomeStatement': 767000000.0, 'grossProfit': 17334000000.0, 'totalOperatingIncomeAsReported': 14081000000.0, 'netNonOperatingInterestIncomeExpense': -516000000.0, 'basicEPS': 4.9, 'otherSpecialCharges': 11000000.0}}, {'2021-09-30': {'netInterestIncome': -513000000.0, 'otherGandA': 1388000000.0, 'reconciledCostOfRevenue': 4970000000.0, 'normalizedIncome': 11721946000.0, 'gainOnSaleOfSecurity': 772000000.0, 'sellingAndMarketingExpense': 1136000000.0, 'taxRateForCalcs': 0.234, 'ebit': 16576000000.0, 'costOfRevenue': 4970000000.0, 'totalRevenue': 24105000000.0, 'netIncome': 12311000000.0, 'pretaxIncome': 16063000000.0, 'dilutedAverageShares': 2188000000.0, 'basicAverageShares': 2131000000.0, 'taxProvision': 3752000000.0, 'netIncomeFromContinuingAndDiscontinuedOperation': 12311000000.0, 'otherIncomeExpense': 769000000.0, 'operatingIncome': 15807000000.0, 'dilutedEPS': 5.63, 'sellingGeneralAndAdministration': 2524000000.0, 'totalExpenses': 8298000000.0, 'interestExpenseNonOperating': 513000000.0, 'totalUnusualItemsExcludingGoodwill': 769000000.0, 'reconciledDepreciation': 804000000.0, 'depreciationAndAmortizationInIncomeStatement': 804000000.0, 'netIncomeFromContinuingOperationNetMinorityInterest': 12311000000.0, 'generalAndAdministrativeExpense': 1388000000.0, 'normalizedEBITDA': 16611000000.0, 'taxEffectOfUnusualItems': 179946000.0, 'operatingExpense': 3328000000.0, 'netIncomeContinuousOperations': 12311000000.0, 'interestExpense': 513000000.0, 'totalUnusualItems': 769000000.0, 'netIncomeIncludingNoncontrollingInterests': 12311000000.0, 'specialIncomeCharges': -3000000.0, 'dilutedNIAvailtoComStockholders': 12311000000.0, 'operatingRevenue': 24105000000.0, 'netIncomeCommonStockholders': 12311000000.0, 'depreciationAmortizationDepletionIncomeStatement': 804000000.0, 'grossProfit': 19135000000.0, 'totalOperatingIncomeAsReported': 15804000000.0, 'netNonOperatingInterestIncomeExpense': -513000000.0, 'basicEPS': 5.63, 'otherSpecialCharges': 3000000.0}}, {'2022-09-30': {'netInterestIncome': -538000000.0, 'otherGandA': 1699000000.0, 'reconciledCostOfRevenue': 5733000000.0, 'normalizedIncome': 15787775000.0, 'gainOnSaleOfSecurity': -139000000.0, 'sellingAndMarketingExpense': 1336000000.0, 'taxRateForCalcs': 0.175, 'ebit': 18674000000.0, 'costOfRevenue': 5733000000.0, 'totalRevenue': 29310000000.0, 'netIncome': 14957000000.0, 'pretaxIncome': 18136000000.0, 'dilutedAverageShares': 2136000000.0, 'basicAverageShares': 2088000000.0, 'taxProvision': 3179000000.0, 'netIncomeFromContinuingAndDiscontinuedOperation': 14957000000.0, 'otherIncomeExpense': -1007000000.0, 'operatingIncome': 19681000000.0, 'dilutedEPS': 7.0, 'sellingGeneralAndAdministration': 3035000000.0, 'totalExpenses': 9629000000.0, 'interestExpenseNonOperating': 538000000.0, 'totalUnusualItemsExcludingGoodwill': -1007000000.0, 'reconciledDepreciation': 861000000.0, 'depreciationAndAmortizationInIncomeStatement': 861000000.0, 'netIncomeFromContinuingOperationNetMinorityInterest': 14957000000.0, 'generalAndAdministrativeExpense': 1699000000.0, 'normalizedEBITDA': 20542000000.0, 'taxEffectOfUnusualItems': -176225000.0, 'operatingExpense': 3896000000.0, 'netIncomeContinuousOperations': 14957000000.0, 'interestExpense': 538000000.0, 'totalUnusualItems': -1007000000.0, 'netIncomeIncludingNoncontrollingInterests': 14957000000.0, 'specialIncomeCharges': -868000000.0, 'dilutedNIAvailtoComStockholders': 14957000000.0, 'operatingRevenue': 29310000000.0, 'netIncomeCommonStockholders': 14957000000.0, 'depreciationAmortizationDepletionIncomeStatement': 861000000.0, 'grossProfit': 23577000000.0, 'totalOperatingIncomeAsReported': 18813000000.0, 'netNonOperatingInterestIncomeExpense': -538000000.0, 'basicEPS': 7.01, 'otherSpecialCharges': 868000000.0}}, {'2022-12-31': {'gainOnSaleOfSecurity': -370000000.0, 'reconciledCostOfRevenue': 5933000000.0, 'netInterestIncome': -541000000.0, 'taxRateForCalcs': 0.166831, 'sellingAndMarketingExpense': 1388000000.0, 'otherGandA': 1788000000.0, 'grossProfit': 24254000000.0, 'netIncomeCommonStockholders': 15177000000.0, 'otherIncomeExpense': -1431000000.0, 'interestExpenseNonOperating': 541000000.0, 'netNonOperatingInterestIncomeExpense': -541000000.0, 'eBITDA': 19647000000.0, 'totalExpenses': 9999000000.0, 'totalRevenue': 30187000000.0, 'operatingIncome': 20188000000.0, 'taxProvision': 3039000000.0, 'interestExpense': 541000000.0, 'specialIncomeCharges': -1061000000.0, 'generalAndAdministrativeExpense': 1788000000.0, 'taxEffectOfUnusualItems': -238735671.936759, 'netIncomeFromContinuingOperationNetMinorityInterest': 15177000000.0, 'otherSpecialCharges': 1061000000.0, 'totalOperatingIncomeAsReported': 19127000000.0, 'reconciledDepreciation': 890000000.0, 'depreciationAndAmortizationInIncomeStatement': 890000000.0, 'sellingGeneralAndAdministration': 3176000000.0, 'netIncomeIncludingNoncontrollingInterests': 15177000000.0, 'totalUnusualItemsExcludingGoodwill': -1431000000.0, 'depreciationAmortizationDepletionIncomeStatement': 890000000.0, 'normalizedEBITDA': 21078000000.0, 'netIncomeFromContinuingAndDiscontinuedOperation': 15177000000.0, 'operatingRevenue': 38768000000.0, 'costOfRevenue': 5933000000.0, 'dilutedNIAvailtoComStockholders': 15177000000.0, 'pretaxIncome': 18216000000.0, 'operatingExpense': 4066000000.0, 'ebit': 18757000000.0, 'normalizedIncome': 16369264328.06324, 'netIncome': 15177000000.0, 'totalUnusualItems': -1431000000.0, 'netIncomeContinuousOperations': 15177000000.0}}, {'2023-03-31': {'gainOnSaleOfSecurity': -160000000.0, 'reconciledCostOfRevenue': 6211000000.0, 'netInterestIncome': -549000000.0, 'taxRateForCalcs': 0.167001, 'sellingAndMarketingExpense': 1383000000.0, 'otherGandA': 1750000000.0, 'grossProfit': 24772000000.0, 'netIncomeCommonStockholders': 15787000000.0, 'otherIncomeExpense': -1221000000.0, 'interestExpenseNonOperating': 549000000.0, 'netNonOperatingInterestIncomeExpense': -549000000.0, 'eBITDA': 20418000000.0, 'totalExpenses': 10261000000.0, 'totalRevenue': 30983000000.0, 'operatingIncome': 20722000000.0, 'taxProvision': 3165000000.0, 'interestExpense': 549000000.0, 'specialIncomeCharges': -1061000000.0, 'generalAndAdministrativeExpense': 1750000000.0, 'taxEffectOfUnusualItems': -203908030.81469, 'netIncomeFromContinuingOperationNetMinorityInterest': 15787000000.0, 'otherSpecialCharges': 1061000000.0, 'totalOperatingIncomeAsReported': 19661000000.0, 'reconciledDepreciation': 917000000.0, 'depreciationAndAmortizationInIncomeStatement': 917000000.0, 'sellingGeneralAndAdministration': 3133000000.0, 'netIncomeIncludingNoncontrollingInterests': 15787000000.0, 'totalUnusualItemsExcludingGoodwill': -1221000000.0, 'depreciationAmortizationDepletionIncomeStatement': 917000000.0, 'normalizedEBITDA': 21639000000.0, 'netIncomeFromContinuingAndDiscontinuedOperation': 15787000000.0, 'operatingRevenue': 39898000000.0, 'costOfRevenue': 6211000000.0, 'dilutedNIAvailtoComStockholders': 15787000000.0, 'pretaxIncome': 18952000000.0, 'operatingExpense': 4050000000.0, 'ebit': 19501000000.0, 'normalizedIncome': 16804091969.18531, 'netIncome': 15787000000.0, 'totalUnusualItems': -1221000000.0, 'netIncomeContinuousOperations': 15787000000.0}}, {'2020-03-31': {'otherSpecialCharges': 379000000.0}}], 'MRK': [{'2022-12-31': {'netNonOperatingInterestIncomeExpense': -805000000.0, 'netInterestIncome': -805000000.0, 'totalExpenses': 41001000000.0, 'taxRateForCalcs': 0.117, 'reconciledCostOfRevenue': 17411000000.0, 'gainOnSaleOfSecurity': -1656000000.0, 'eBITDA': 21315000000.0, 'minorityInterests': -7000000.0, 'ebit': 17406000000.0, 'specialIncomeCharges': -337000000.0, 'interestIncomeNonOperating': 157000000.0, 'netIncome': 14519000000.0, 'grossProfit': 41872000000.0, 'netIncomeCommonStockholders': 14519000000.0, 'dilutedNIAvailtoComStockholders': 14519000000.0, 'pretaxIncome': 16444000000.0, 'basicEPS': 5.73, 'normalizedIncome': 16279539892.97008, 'totalUnusualItems': -1993000000.0, 'netIncomeDiscontinuousOperations': 0.0, 'dilutedAverageShares': 2542000000.0, 'interestExpenseNonOperating': 962000000.0, 'interestExpense': 962000000.0, 'netIncomeFromContinuingAndDiscontinuedOperation': 14519000000.0, 'otherIncomeExpense': -1838000000.0, 'costOfRevenue': 17411000000.0, 'operatingIncome': 18282000000.0, 'totalRevenue': 59283000000.0, 'totalUnusualItemsExcludingGoodwill': -1993000000.0, 'sellingGeneralAndAdministration': 10042000000.0, 'taxProvision': 1918000000.0, 'netIncomeFromContinuingOperationNetMinorityInterest': 14519000000.0, 'netIncomeContinuousOperations': 14526000000.0, 'taxEffectOfUnusualItems': -39429000.0, 'reconciledDepreciation': 3909000000.0, 'operatingRevenue': 59283000000.0, 'netIncomeIncludingNoncontrollingInterests': 14526000000.0, 'operatingExpense': 23590000000.0, 'normalizedEBITDA': 18619000000.0, 'otherNonOperatingIncomeExpenses': -1501000000.0, 'dilutedEPS': 5.71, 'restructuringAndMergernAcquisition': 337000000.0, 'researchAndDevelopment': 13548000000.0, 'basicAverageShares': 2532000000.0, 'interestIncome': 157000000.0}}, {'2023-03-31': {'netNonOperatingInterestIncomeExpense': -699000000.0, 'totalExpenses': 41403000000.0, 'taxRateForCalcs': 0.143701, 'reconciledCostOfRevenue': 15957000000.0, 'netInterestIncome': -699000000.0, 'eBITDA': 19974000000.0, 'specialIncomeCharges': -351000000.0, 'interestIncomeNonOperating': 262000000.0, 'netIncome': 13030000000.0, 'grossProfit': 41912000000.0, 'netIncomeCommonStockholders': 13030000000.0, 'pretaxIncome': 15233000000.0, 'interestExpenseNonOperating': 961000000.0, 'interestExpense': 961000000.0, 'netIncomeFromContinuingAndDiscontinuedOperation': 13030000000.0, 'otherIncomeExpense': -534000000.0, 'operatingIncome': 16466000000.0, 'totalRevenue': 57869000000.0, 'minorityInterests': -14000000.0, 'taxProvision': 2189000000.0, 'netIncomeContinuousOperations': 13044000000.0, 'taxEffectOfUnusualItems': -125163723.495044, 'netIncomeFromContinuingOperationNetMinorityInterest': 13030000000.0, 'operatingRevenue': 57869000000.0, 'totalUnusualItemsExcludingGoodwill': -871000000.0, 'netIncomeIncludingNoncontrollingInterests': 13044000000.0, 'normalizedEBITDA': 20845000000.0, 'sellingGeneralAndAdministration': 10198000000.0, 'otherNonOperatingIncomeExpenses': 337000000.0, 'reconciledDepreciation': 3780000000.0, 'costOfRevenue': 15957000000.0, 'researchAndDevelopment': 15248000000.0, 'operatingExpense': 25446000000.0, 'interestIncome': 262000000.0, 'normalizedIncome': 13775836276.504955, 'ebit': 16194000000.0, 'restructuringAndMergernAcquisition': 351000000.0, 'totalUnusualItems': -871000000.0, 'gainOnSaleOfSecurity': -520000000.0, 'dilutedNIAvailtoComStockholders': 13030000000.0}}, {'2019-12-31': {'netInterestIncome': -619000000.0, 'netNonOperatingInterestIncomeExpense': -619000000.0, 'gainOnSaleOfSecurity': -17000000.0, 'reconciledCostOfRevenue': 14112000000.0, 'minorityInterests': 66000000.0, 'taxRateForCalcs': 0.147, 'ebit': 12241000000.0, 'dilutedNIAvailtoComStockholders': 9843000000.0, 'basicEPS': 3.876699, 'normalizedIncome': 10387214000.0, 'totalUnusualItems': -638000000.0, 'dilutedAverageShares': 2580000000.0, 'pretaxIncome': 11464000000.0, 'interestExpenseNonOperating': 893000000.0, 'netIncome': 9843000000.0, 'costOfRevenue': 14112000000.0, 'operatingIncome': 12241000000.0, 'netIncomeFromContinuingAndDiscontinuedOperation': 9843000000.0, 'interestIncomeNonOperating': 274000000.0, 'otherIncomeExpense': -777000000.0, 'totalUnusualItemsExcludingGoodwill': -638000000.0, 'totalExpenses': 34599000000.0, 'sellingGeneralAndAdministration': 10615000000.0, 'netIncomeFromContinuingOperationNetMinorityInterest': 9843000000.0, 'netIncomeContinuousOperations': 9777000000.0, 'reconciledDepreciation': 3652000000.0, 'taxEffectOfUnusualItems': -93786000.0, 'operatingExpense': 20487000000.0, 'taxProvision': 1687000000.0, 'dilutedEPS': 3.81, 'restructuringAndMergernAcquisition': 638000000.0, 'interestExpense': 893000000.0, 'totalRevenue': 46840000000.0, 'basicAverageShares': 2539016026.0, 'grossProfit': 32728000000.0, 'otherNonOperatingIncomeExpenses': -139000000.0, 'operatingRevenue': 46840000000.0, 'specialIncomeCharges': -638000000.0, 'interestIncome': 274000000.0, 'researchAndDevelopment': 9872000000.0, 'normalizedEBITDA': 12879000000.0, 'netIncomeCommonStockholders': 9843000000.0, 'netIncomeIncludingNoncontrollingInterests': 9777000000.0}}, {'2020-12-31': {'netInterestIncome': -772000000.0, 'netNonOperatingInterestIncomeExpense': -772000000.0, 'gainOnSaleOfSecurity': 1193000000.0, 'reconciledCostOfRevenue': 15485000000.0, 'minorityInterests': -15000000.0, 'taxRateForCalcs': 0.194, 'ebit': 8483000000.0, 'dilutedNIAvailtoComStockholders': 7067000000.0, 'basicEPS': 2.793031, 'normalizedIncome': 7532868000.0, 'totalUnusualItems': -578000000.0, 'dilutedAverageShares': 2541000000.0, 'pretaxIncome': 8791000000.0, 'interestExpenseNonOperating': 831000000.0, 'netIncome': 7067000000.0, 'costOfRevenue': 15485000000.0, 'operatingIncome': 8483000000.0, 'netIncomeFromContinuingAndDiscontinuedOperation': 7067000000.0, 'interestIncomeNonOperating': 59000000.0, 'otherIncomeExpense': 308000000.0, 'totalUnusualItemsExcludingGoodwill': -578000000.0, 'totalExpenses': 39511000000.0, 'sellingGeneralAndAdministration': 10468000000.0, 'netIncomeFromContinuingOperationNetMinorityInterest': 7067000000.0, 'netIncomeContinuousOperations': 7082000000.0, 'reconciledDepreciation': 3625000000.0, 'taxEffectOfUnusualItems': -112132000.0, 'operatingExpense': 24026000000.0, 'taxProvision': 1709000000.0, 'dilutedEPS': 2.78, 'restructuringAndMergernAcquisition': 578000000.0, 'interestExpense': 831000000.0, 'totalRevenue': 47994000000.0, 'basicAverageShares': 2530225827.0, 'grossProfit': 32509000000.0, 'otherNonOperatingIncomeExpenses': 886000000.0, 'operatingRevenue': 47994000000.0, 'specialIncomeCharges': -578000000.0, 'interestIncome': 59000000.0, 'researchAndDevelopment': 13558000000.0, 'normalizedEBITDA': 9061000000.0, 'netIncomeCommonStockholders': 7067000000.0, 'netIncomeIncludingNoncontrollingInterests': 7082000000.0}}, {'2021-12-31': {'netInterestIncome': -770000000.0, 'netNonOperatingInterestIncomeExpense': -770000000.0, 'gainOnSaleOfSecurity': 1643000000.0, 'reconciledCostOfRevenue': 13626000000.0, 'minorityInterests': 691000000.0, 'taxRateForCalcs': 0.11, 'ebit': 13199000000.0, 'dilutedNIAvailtoComStockholders': 13049000000.0, 'basicEPS': 5.16, 'normalizedIncome': 13637290000.0, 'totalUnusualItems': -661000000.0, 'dilutedAverageShares': 2538000000.0, 'pretaxIncome': 13879000000.0, 'interestExpenseNonOperating': 806000000.0, 'netIncome': 13049000000.0, 'costOfRevenue': 13626000000.0, 'operatingIncome': 13199000000.0, 'netIncomeFromContinuingAndDiscontinuedOperation': 13049000000.0, 'interestIncomeNonOperating': 36000000.0, 'otherIncomeExpense': 680000000.0, 'totalUnusualItemsExcludingGoodwill': -661000000.0, 'totalExpenses': 35505000000.0, 'sellingGeneralAndAdministration': 9634000000.0, 'netIncomeFromContinuingOperationNetMinorityInterest': 13049000000.0, 'netIncomeContinuousOperations': 12358000000.0, 'reconciledDepreciation': 3214000000.0, 'taxEffectOfUnusualItems': -72710000.0, 'operatingExpense': 21879000000.0, 'taxProvision': 1521000000.0, 'dilutedEPS': 5.14, 'restructuringAndMergernAcquisition': 661000000.0, 'interestExpense': 806000000.0, 'totalRevenue': 48704000000.0, 'basicAverageShares': 2530000000.0, 'grossProfit': 35078000000.0, 'otherNonOperatingIncomeExpenses': 1341000000.0, 'operatingRevenue': 48704000000.0, 'specialIncomeCharges': -661000000.0, 'interestIncome': 36000000.0, 'researchAndDevelopment': 12245000000.0, 'normalizedEBITDA': 13860000000.0, 'netIncomeCommonStockholders': 13049000000.0, 'netIncomeIncludingNoncontrollingInterests': 12358000000.0}}], 'MMM': [{'2020-12-31': {'earningsFromEquityInterestNetOfTax': -5000000.0, 'pretaxIncome': 6711000000.0, 'netIncome': 5384000000.0, 'totalUnusualItems': 389000000.0, 'interestExpense': 529000000.0, 'gainOnSaleOfBusiness': 389000000.0, 'netIncomeCommonStockholders': 5384000000.0, 'taxRateForCalcs': 0.196, 'interestIncome': 29000000.0, 'totalExpenses': 25412000000.0, 'otherNonOperatingIncomeExpenses': -450000000.0, 'sellingGeneralAndAdministration': 6929000000.0, 'basicEPS': 9.32, 'normalizedEBITDA': 6383000000.0, 'interestIncomeNonOperating': 29000000.0, 'otherGandA': 6929000000.0, 'specialIncomeCharges': 389000000.0, 'dilutedAverageShares': 582200000.0, 'minorityInterests': -4000000.0, 'reconciledCostOfRevenue': 16605000000.0, 'netIncomeFromContinuingOperationNetMinorityInterest': 5384000000.0, 'netInterestIncome': -500000000.0, 'netIncomeFromContinuingAndDiscontinuedOperation': 5384000000.0, 'otherIncomeExpense': -61000000.0, 'operatingIncome': 6772000000.0, 'salariesAndWages': -50000000.0, 'generalAndAdministrativeExpense': 6929000000.0, 'taxProvision': 1318000000.0, 'totalUnusualItemsExcludingGoodwill': 389000000.0, 'interestExpenseNonOperating': 529000000.0, 'costOfRevenue': 16605000000.0, 'totalRevenue': 32184000000.0, 'researchAndDevelopment': 1878000000.0, 'grossProfit': 15579000000.0, 'operatingRevenue': 32184000000.0, 'netIncomeIncludingNoncontrollingInterests': 5388000000.0, 'dilutedEPS': 9.25, 'reconciledDepreciation': 1911000000.0, 'normalizedIncome': 5071244000.0, 'basicAverageShares': 577600000.0, 'netIncomeContinuousOperations': 5388000000.0, 'operatingExpense': 8807000000.0, 'totalOperatingIncomeAsReported': 7161000000.0, 'netNonOperatingInterestIncomeExpense': -500000000.0, 'ebit': 6772000000.0, 'taxEffectOfUnusualItems': 76244000.0, 'dilutedNIAvailtoComStockholders': 5384000000.0}}, {'2021-12-31': {'earningsFromEquityInterestNetOfTax': 10000000.0, 'pretaxIncome': 7204000000.0, 'netIncome': 5921000000.0, 'totalUnusualItems': 0.0, 'interestExpense': 488000000.0, 'gainOnSaleOfBusiness': 0.0, 'netIncomeCommonStockholders': 5921000000.0, 'taxRateForCalcs': 0.178, 'interestIncome': 26000000.0, 'totalExpenses': 27986000000.0, 'otherNonOperatingIncomeExpenses': -165000000.0, 'sellingGeneralAndAdministration': 7197000000.0, 'basicEPS': 10.23, 'normalizedEBITDA': 7369000000.0, 'interestIncomeNonOperating': 26000000.0, 'otherGandA': 7197000000.0, 'specialIncomeCharges': 0.0, 'dilutedAverageShares': 585300000.0, 'minorityInterests': -8000000.0, 'reconciledCostOfRevenue': 18795000000.0, 'netIncomeFromContinuingOperationNetMinorityInterest': 5921000000.0, 'netInterestIncome': -462000000.0, 'netIncomeFromContinuingAndDiscontinuedOperation': 5921000000.0, 'otherIncomeExpense': -165000000.0, 'operatingIncome': 7369000000.0, 'salariesAndWages': -297000000.0, 'generalAndAdministrativeExpense': 7197000000.0, 'taxProvision': 1285000000.0, 'totalUnusualItemsExcludingGoodwill': 0.0, 'interestExpenseNonOperating': 488000000.0, 'costOfRevenue': 18795000000.0, 'totalRevenue': 35355000000.0, 'researchAndDevelopment': 1994000000.0, 'grossProfit': 16560000000.0, 'operatingRevenue': 35355000000.0, 'netIncomeIncludingNoncontrollingInterests': 5929000000.0, 'dilutedEPS': 10.12, 'reconciledDepreciation': 1915000000.0, 'normalizedIncome': 5921000000.0, 'basicAverageShares': 579000000.0, 'netIncomeContinuousOperations': 5929000000.0, 'operatingExpense': 9191000000.0, 'totalOperatingIncomeAsReported': 7369000000.0, 'netNonOperatingInterestIncomeExpense': -462000000.0, 'ebit': 7369000000.0, 'taxEffectOfUnusualItems': 0.0, 'dilutedNIAvailtoComStockholders': 5921000000.0}}, {'2022-12-31': {'earningsFromEquityInterestNetOfTax': 11000000.0, 'interestExpense': 462000000.0, 'pretaxIncome': 6392000000.0, 'netIncome': 5777000000.0, 'totalUnusualItems': 2453000000.0, 'dilutedNIAvailtoComStockholders': 5777000000.0, 'interestIncome': 67000000.0, 'gainOnSaleOfBusiness': 2724000000.0, 'netIncomeCommonStockholders': 5777000000.0, 'taxRateForCalcs': 0.096, 'totalExpenses': 29895000000.0, 'ebit': 4086000000.0, 'impairmentOfCapitalAssets': 271000000.0, 'netIncomeFromContinuingAndDiscontinuedOperation': 5777000000.0, 'otherNonOperatingIncomeExpenses': -147000000.0, 'sellingGeneralAndAdministration': 8801000000.0, 'basicEPS': 10.21, 'normalizedEBITDA': 6232000000.0, 'interestIncomeNonOperating': 67000000.0, 'otherGandA': 9049000000.0, 'specialIncomeCharges': 2453000000.0, 'generalAndAdministrativeExpense': 8801000000.0, 'reconciledCostOfRevenue': 19232000000.0, 'salariesAndWages': -248000000.0, 'netIncomeFromContinuingOperationNetMinorityInterest': 5777000000.0, 'eBITDA': 8685000000.0, 'dilutedAverageShares': 567600000.0, 'reconciledDepreciation': 1831000000.0, 'minorityInterests': -14000000.0, 'netNonOperatingInterestIncomeExpense': -395000000.0, 'netInterestIncome': -395000000.0, 'otherIncomeExpense': 2453000000.0, 'operatingRevenue': 34229000000.0, 'operatingIncome': 4334000000.0, 'grossProfit': 14997000000.0, 'netIncomeIncludingNoncontrollingInterests': 5791000000.0, 'taxProvision': 612000000.0, 'costOfRevenue': 19232000000.0, 'interestExpenseNonOperating': 462000000.0, 'totalUnusualItemsExcludingGoodwill': 2453000000.0, 'totalRevenue': 34229000000.0, 'researchAndDevelopment': 1862000000.0, 'totalOperatingIncomeAsReported': 6539000000.0, 'dilutedEPS': 10.18, 'taxEffectOfUnusualItems': 235488000.0, 'normalizedIncome': 3559488000.0, 'basicAverageShares': 566000000.0, 'netIncomeContinuousOperations': 5791000000.0, 'operatingExpense': 10663000000.0}}, {'2023-03-31': {'interestExpense': 472000000.0, 'dilutedNIAvailtoComStockholders': 5454000000.0, 'totalUnusualItems': 2453000000.0, 'interestIncome': 99000000.0, 'ebit': 6450000000.0, 'netIncomeFromContinuingAndDiscontinuedOperation': 5454000000.0, 'earningsFromEquityInterestNetOfTax': 11000000.0, 'generalAndAdministrativeExpense': 8660000000.0, 'reconciledCostOfRevenue': 19019000000.0, 'salariesAndWages': -212000000.0, 'netIncomeFromContinuingOperationNetMinorityInterest': 5454000000.0, 'eBITDA': 8288000000.0, 'reconciledDepreciation': 1838000000.0, 'netNonOperatingInterestIncomeExpense': -373000000.0, 'operatingRevenue': 33431000000.0, 'grossProfit': 14412000000.0, 'normalizedEBITDA': 5835000000.0, 'netIncomeIncludingNoncontrollingInterests': 5469000000.0, 'netIncomeCommonStockholders': 5454000000.0, 'taxRateForCalcs': 0.086986, 'costOfRevenue': 19019000000.0, 'interestExpenseNonOperating': 472000000.0, 'totalRevenue': 33431000000.0, 'researchAndDevelopment': 1854000000.0, 'totalUnusualItemsExcludingGoodwill': 2453000000.0, 'operatingIncome': 3898000000.0, 'totalOperatingIncomeAsReported': 6139000000.0, 'taxProvision': 520000000.0, 'minorityInterests': -15000000.0, 'taxEffectOfUnusualItems': 213375710.940114, 'netInterestIncome': -373000000.0, 'totalExpenses': 29533000000.0, 'normalizedIncome': 3214375710.940114, 'operatingExpense': 10514000000.0, 'netIncomeContinuousOperations': 5469000000.0, 'sellingGeneralAndAdministration': 8660000000.0, 'netIncome': 5454000000.0, 'interestIncomeNonOperating': 99000000.0, 'pretaxIncome': 5978000000.0, 'otherGandA': 8872000000.0}}, {'2019-12-31': {'pretaxIncome': 5712000000.0, 'netIncome': 4570000000.0, 'totalUnusualItems': 114000000.0, 'interestExpense': 448000000.0, 'gainOnSaleOfBusiness': 114000000.0, 'netIncomeCommonStockholders': 4570000000.0, 'taxRateForCalcs': 0.197, 'interestIncome': 80000000.0, 'totalExpenses': 26076000000.0, 'otherNonOperatingIncomeExpenses': -462000000.0, 'sellingGeneralAndAdministration': 7029000000.0, 'basicEPS': 7.92, 'normalizedEBITDA': 5946000000.0, 'interestIncomeNonOperating': 80000000.0, 'otherGandA': 7029000000.0, 'specialIncomeCharges': 114000000.0, 'dilutedAverageShares': 585100000.0, 'minorityInterests': -12000000.0, 'reconciledCostOfRevenue': 17136000000.0, 'netIncomeFromContinuingOperationNetMinorityInterest': 4570000000.0, 'netInterestIncome': -368000000.0, 'netIncomeFromContinuingAndDiscontinuedOperation': 4570000000.0, 'otherIncomeExpense': -348000000.0, 'operatingIncome': 6060000000.0, 'salariesAndWages': -68000000.0, 'generalAndAdministrativeExpense': 7029000000.0, 'taxProvision': 1130000000.0, 'totalUnusualItemsExcludingGoodwill': 114000000.0, 'interestExpenseNonOperating': 448000000.0, 'costOfRevenue': 17136000000.0, 'totalRevenue': 32136000000.0, 'researchAndDevelopment': 1911000000.0, 'grossProfit': 15000000000.0, 'operatingRevenue': 32136000000.0, 'netIncomeIncludingNoncontrollingInterests': 4582000000.0, 'dilutedEPS': 7.81, 'reconciledDepreciation': 1593000000.0, 'normalizedIncome': 4478458000.0, 'basicAverageShares': 577000000.0, 'netIncomeContinuousOperations': 4582000000.0, 'operatingExpense': 8940000000.0, 'totalOperatingIncomeAsReported': 6174000000.0, 'netNonOperatingInterestIncomeExpense': -368000000.0, 'ebit': 6060000000.0, 'taxEffectOfUnusualItems': 22458000.0, 'dilutedNIAvailtoComStockholders': 4570000000.0}}], 'VZ': [{'2019-12-31': {'ebit': 27463000000.0, 'impairmentOfCapitalAssets': 186000000.0, 'gainOnSaleOfBusiness': 94000000.0, 'specialIncomeCharges': -186000000.0, 'interestIncomeNonOperating': 121000000.0, 'dilutedNIAvailtoComStockholders': 19265000000.0, 'totalExpenses': 101304000000.0, 'netNonOperatingInterestIncomeExpense': -4730000000.0, 'netIncomeCommonStockholders': 19265000000.0, 'totalUnusualItems': -186000000.0, 'dilutedAverageShares': 4140000000.0, 'taxRateForCalcs': 0.129547, 'netIncome': 19265000000.0, 'pretaxIncome': 22733000000.0, 'interestExpense': 4730000000.0, 'dilutedEPS': 4.65, 'netIncomeFromContinuingAndDiscontinuedOperation': 19265000000.0, 'otherIncomeExpense': -3101000000.0, 'interestExpenseNonOperating': 4730000000.0, 'sellingGeneralAndAdministration': 29896000000.0, 'basicAverageShares': 4138000000.0, 'netInterestIncome': -4730000000.0, 'operatingIncome': 30564000000.0, 'minorityInterests': -523000000.0, 'reconciledCostOfRevenue': 54726000000.0, 'totalUnusualItemsExcludingGoodwill': -186000000.0, 'earningsFromEquityInterest': -15000000.0, 'taxProvision': 2945000000.0, 'basicEPS': 4.66, 'operatingRevenue': 131868000000.0, 'netIncomeIncludingNoncontrollingInterests': 19788000000.0, 'netIncomeFromContinuingOperationNetMinorityInterest': 19265000000.0, 'netIncomeContinuousOperations': 19788000000.0, 'costOfRevenue': 54726000000.0, 'reconciledDepreciation': 16682000000.0, 'totalRevenue': 131868000000.0, 'otherNonOperatingIncomeExpenses': -2900000000.0, 'operatingExpense': 46578000000.0, 'normalizedEBITDA': 44331000000.0, 'interestIncome': 121000000.0, 'depreciationAmortizationDepletionIncomeStatement': 16682000000.0, 'normalizedIncome': 19426904192.14358, 'grossProfit': 77142000000.0, 'taxEffectOfUnusualItems': -24095807.85642, 'depreciationAndAmortizationInIncomeStatement': 16682000000.0, 'otherSpecialCharges': 3604000000.0, 'totalOperatingIncomeAsReported': 30378000000.0}}, {'2020-12-31': {'ebit': 28214000000.0, 'impairmentOfCapitalAssets': 0.0, 'specialIncomeCharges': 0.0, 'interestIncomeNonOperating': 65000000.0, 'dilutedNIAvailtoComStockholders': 17801000000.0, 'totalExpenses': 99494000000.0, 'netNonOperatingInterestIncomeExpense': -4247000000.0, 'netIncomeCommonStockholders': 17801000000.0, 'totalUnusualItems': 0.0, 'dilutedAverageShares': 4142000000.0, 'taxRateForCalcs': 0.234447, 'netIncome': 17801000000.0, 'pretaxIncome': 23967000000.0, 'interestExpense': 4247000000.0, 'dilutedEPS': 4.3, 'netIncomeFromContinuingAndDiscontinuedOperation': 17801000000.0, 'otherIncomeExpense': -584000000.0, 'interestExpenseNonOperating': 4247000000.0, 'sellingGeneralAndAdministration': 31573000000.0, 'basicAverageShares': 4140000000.0, 'netInterestIncome': -4247000000.0, 'operatingIncome': 28798000000.0, 'minorityInterests': -547000000.0, 'reconciledCostOfRevenue': 51201000000.0, 'totalUnusualItemsExcludingGoodwill': 0.0, 'earningsFromEquityInterest': -45000000.0, 'taxProvision': 5619000000.0, 'basicEPS': 4.3, 'operatingRevenue': 128292000000.0, 'netIncomeIncludingNoncontrollingInterests': 18348000000.0, 'netIncomeFromContinuingOperationNetMinorityInterest': 17801000000.0, 'netIncomeContinuousOperations': 18348000000.0, 'costOfRevenue': 51201000000.0, 'reconciledDepreciation': 16720000000.0, 'totalRevenue': 128292000000.0, 'otherNonOperatingIncomeExpenses': -539000000.0, 'operatingExpense': 48293000000.0, 'normalizedEBITDA': 44934000000.0, 'interestIncome': 65000000.0, 'depreciationAmortizationDepletionIncomeStatement': 16720000000.0, 'normalizedIncome': 17801000000.0, 'grossProfit': 77091000000.0, 'taxEffectOfUnusualItems': 0.0, 'depreciationAndAmortizationInIncomeStatement': 16720000000.0, 'otherSpecialCharges': 129000000.0, 'totalOperatingIncomeAsReported': 28798000000.0}}, {'2021-12-31': {'ebit': 32905000000.0, 'impairmentOfCapitalAssets': 0.0, 'specialIncomeCharges': -3541000000.0, 'interestIncomeNonOperating': 48000000.0, 'dilutedNIAvailtoComStockholders': 22065000000.0, 'totalExpenses': 101165000000.0, 'netNonOperatingInterestIncomeExpense': -3485000000.0, 'netIncomeCommonStockholders': 22065000000.0, 'totalUnusualItems': -3541000000.0, 'dilutedAverageShares': 4150000000.0, 'taxRateForCalcs': 0.231203, 'netIncome': 22065000000.0, 'pretaxIncome': 29420000000.0, 'interestExpense': 3485000000.0, 'dilutedEPS': 5.32, 'netIncomeFromContinuingAndDiscontinuedOperation': 22065000000.0, 'otherIncomeExpense': 457000000.0, 'interestExpenseNonOperating': 3485000000.0, 'sellingGeneralAndAdministration': 28658000000.0, 'basicAverageShares': 4148000000.0, 'netInterestIncome': -3485000000.0, 'operatingIncome': 32448000000.0, 'minorityInterests': -553000000.0, 'reconciledCostOfRevenue': 56301000000.0, 'totalUnusualItemsExcludingGoodwill': -3541000000.0, 'earningsFromEquityInterest': 145000000.0, 'taxProvision': 6802000000.0, 'basicEPS': 5.32, 'operatingRevenue': 133613000000.0, 'netIncomeIncludingNoncontrollingInterests': 22618000000.0, 'netIncomeFromContinuingOperationNetMinorityInterest': 22065000000.0, 'netIncomeContinuousOperations': 22618000000.0, 'costOfRevenue': 56301000000.0, 'reconciledDepreciation': 16206000000.0, 'totalRevenue': 133613000000.0, 'otherNonOperatingIncomeExpenses': 312000000.0, 'operatingExpense': 44864000000.0, 'normalizedEBITDA': 49111000000.0, 'interestIncome': 48000000.0, 'depreciationAmortizationDepletionIncomeStatement': 16206000000.0, 'normalizedIncome': 22065000000.0, 'grossProfit': 77312000000.0, 'taxEffectOfUnusualItems': 0.0, 'depreciationAndAmortizationInIncomeStatement': 16206000000.0, 'otherSpecialCharges': 3541000000.0, 'totalOperatingIncomeAsReported': 32448000000.0}}, {'2022-12-31': {'ebit': 31884000000.0, 'interestIncomeNonOperating': 146000000.0, 'specialIncomeCharges': -1077000000.0, 'netIncome': 21256000000.0, 'totalUnusualItems': -1077000000.0, 'dilutedNIAvailtoComStockholders': 21256000000.0, 'totalExpenses': 106368000000.0, 'pretaxIncome': 28271000000.0, 'netNonOperatingInterestIncomeExpense': -3467000000.0, 'netIncomeCommonStockholders': 21256000000.0, 'interestIncome': 146000000.0, 'dilutedAverageShares': 4204000000.0, 'reconciledCostOfRevenue': 59133000000.0, 'netIncomeFromContinuingAndDiscontinuedOperation': 21256000000.0, 'netInterestIncome': -3613000000.0, 'taxRateForCalcs': 0.231, 'eBITDA': 48983000000.0, 'interestExpense': 3613000000.0, 'dilutedEPS': 5.06, 'otherNonOperatingIncomeExpenses': 1373000000.0, 'minorityInterests': -492000000.0, 'otherIncomeExpense': 1271000000.0, 'depreciationAmortizationDepletionIncomeStatement': 17099000000.0, 'reconciledDepreciation': 17099000000.0, 'grossProfit': 77702000000.0, 'interestExpenseNonOperating': 3613000000.0, 'normalizedEBITDA': 48983000000.0, 'sellingGeneralAndAdministration': 30136000000.0, 'totalRevenue': 136835000000.0, 'basicAverageShares': 4202000000.0, 'netIncomeFromContinuingOperationNetMinorityInterest': 21256000000.0, 'operatingIncome': 30467000000.0, 'totalUnusualItemsExcludingGoodwill': -1077000000.0, 'taxProvision': 6523000000.0, 'earningsFromEquityInterest': 44000000.0, 'netIncomeIncludingNoncontrollingInterests': 21748000000.0, 'basicEPS': 5.06, 'operatingRevenue': 136835000000.0, 'totalOperatingIncomeAsReported': 30467000000.0, 'taxEffectOfUnusualItems': 0.0, 'netIncomeContinuousOperations': 21748000000.0, 'costOfRevenue': 59133000000.0, 'otherSpecialCharges': 1077000000.0, 'operatingExpense': 47235000000.0, 'normalizedIncome': 21256000000.0, 'depreciationAndAmortizationInIncomeStatement': 17099000000.0}}, {'2023-03-31': {'interestIncomeNonOperating': 211000000.0, 'specialIncomeCharges': 224000000.0, 'netIncome': 21585000000.0, 'totalUnusualItems': 224000000.0, 'pretaxIncome': 28688000000.0, 'ebit': 32722000000.0, 'netIncomeCommonStockholders': 21585000000.0, 'dilutedNIAvailtoComStockholders': 21585000000.0, 'totalExpenses': 105938000000.0, 'interestIncome': 211000000.0, 'netNonOperatingInterestIncomeExpense': -3823000000.0, 'reconciledCostOfRevenue': 58287000000.0, 'netIncomeFromContinuingAndDiscontinuedOperation': 21585000000.0, 'netInterestIncome': -3823000000.0, 'eBITDA': 49903000000.0, 'otherNonOperatingIncomeExpenses': 1976000000.0, 'minorityInterests': -470000000.0, 'depreciationAmortizationDepletionIncomeStatement': 17181000000.0, 'reconciledDepreciation': 17181000000.0, 'grossProfit': 77906000000.0, 'normalizedEBITDA': 49679000000.0, 'totalRevenue': 136193000000.0, 'interestExpense': 4034000000.0, 'netIncomeFromContinuingOperationNetMinorityInterest': 21585000000.0, 'taxRateForCalcs': 0.231212, 'taxProvision': 6633000000.0, 'netIncomeIncludingNoncontrollingInterests': 22055000000.0, 'earningsFromEquityInterest': 56000000.0, 'interestExpenseNonOperating': 4034000000.0, 'totalOperatingIncomeAsReported': 30255000000.0, 'taxEffectOfUnusualItems': 51791411.042945, 'operatingRevenue': 136193000000.0, 'otherIncomeExpense': 2256000000.0, 'totalUnusualItemsExcludingGoodwill': 224000000.0, 'operatingIncome': 30255000000.0, 'otherSpecialCharges': -224000000.0, 'normalizedIncome': 21412791411.042946, 'sellingGeneralAndAdministration': 30470000000.0, 'operatingExpense': 47651000000.0, 'depreciationAndAmortizationInIncomeStatement': 17181000000.0, 'netIncomeContinuousOperations': 22055000000.0, 'costOfRevenue': 58287000000.0}}], 'KO': [{'2019-12-31': {'taxProvision': 1801000000.0, 'netIncomeIncludingNoncontrollingInterests': 8985000000.0, 'earningsFromEquityInterest': 1049000000.0, 'totalUnusualItemsExcludingGoodwill': -183000000.0, 'totalRevenue': 37266000000.0, 'costOfRevenue': 14619000000.0, 'interestExpenseNonOperating': 946000000.0, 'operatingRevenue': 37266000000.0, 'grossProfit': 22647000000.0, 'reconciledDepreciation': 1365000000.0, 'dilutedAverageShares': 4314000000.0, 'sellingAndMarketingExpense': 7119000000.0, 'normalizedIncome': 8920000000.0, 'otherNonOperatingIncomeExpenses': 34000000.0, 'operatingExpense': 12561000000.0, 'dilutedEPS': 2.07, 'totalOperatingIncomeAsReported': 10086000000.0, 'taxEffectOfUnusualItems': 0.0, 'netIncomeContinuousOperations': 8985000000.0, 'basicAverageShares': 4276000000.0, 'ebit': 11732000000.0, 'restructuringAndMergernAcquisition': 141000000.0, 'dilutedNIAvailtoComStockholders': 8920000000.0, 'totalUnusualItems': -183000000.0, 'netIncome': 8920000000.0, 'specialIncomeCharges': -183000000.0, 'pretaxIncome': 10786000000.0, 'salariesAndWages': 201000000.0, 'interestExpense': 946000000.0, 'impairmentOfCapitalAssets': 42000000.0, 'basicEPS': 2.09, 'totalExpenses': 27180000000.0, 'interestIncome': 563000000.0, 'taxRateForCalcs': 0.167, 'netNonOperatingInterestIncomeExpense': -383000000.0, 'otherOperatingExpenses': 458000000.0, 'otherGandA': 4783000000.0, 'interestIncomeNonOperating': 563000000.0, 'netIncomeCommonStockholders': 8920000000.0, 'normalizedEBITDA': 13097000000.0, 'generalAndAdministrativeExpense': 201000000.0, 'sellingGeneralAndAdministration': 12103000000.0, 'minorityInterests': -65000000.0, 'netIncomeFromContinuingOperationNetMinorityInterest': 8920000000.0, 'otherIncomeExpense': 1083000000.0, 'operatingIncome': 10086000000.0, 'netInterestIncome': -383000000.0, 'netIncomeFromContinuingAndDiscontinuedOperation': 8920000000.0, 'reconciledCostOfRevenue': 14619000000.0}}, {'2020-12-31': {'taxProvision': 1981000000.0, 'netIncomeIncludingNoncontrollingInterests': 7768000000.0, 'earningsFromEquityInterest': 978000000.0, 'totalUnusualItemsExcludingGoodwill': -728000000.0, 'totalRevenue': 33014000000.0, 'costOfRevenue': 13433000000.0, 'interestExpenseNonOperating': 1437000000.0, 'operatingRevenue': 33014000000.0, 'grossProfit': 19581000000.0, 'reconciledDepreciation': 1536000000.0, 'dilutedAverageShares': 4323000000.0, 'sellingAndMarketingExpense': 5415000000.0, 'normalizedIncome': 7747000000.0, 'otherNonOperatingIncomeExpenses': 841000000.0, 'operatingExpense': 10584000000.0, 'dilutedEPS': 1.79, 'totalOperatingIncomeAsReported': 8997000000.0, 'taxEffectOfUnusualItems': 0.0, 'netIncomeContinuousOperations': 7768000000.0, 'basicAverageShares': 4295000000.0, 'ebit': 11186000000.0, 'restructuringAndMergernAcquisition': 480000000.0, 'dilutedNIAvailtoComStockholders': 7747000000.0, 'totalUnusualItems': -728000000.0, 'netIncome': 7747000000.0, 'specialIncomeCharges': -728000000.0, 'pretaxIncome': 9749000000.0, 'salariesAndWages': 126000000.0, 'interestExpense': 1437000000.0, 'impairmentOfCapitalAssets': 215000000.0, 'basicEPS': 1.8, 'gainOnSaleOfBusiness': -33000000.0, 'totalExpenses': 24017000000.0, 'interestIncome': 370000000.0, 'taxRateForCalcs': 0.203, 'netNonOperatingInterestIncomeExpense': -1067000000.0, 'otherOperatingExpenses': 853000000.0, 'otherGandA': 4190000000.0, 'interestIncomeNonOperating': 370000000.0, 'netIncomeCommonStockholders': 7747000000.0, 'normalizedEBITDA': 12722000000.0, 'generalAndAdministrativeExpense': 126000000.0, 'sellingGeneralAndAdministration': 9731000000.0, 'minorityInterests': -21000000.0, 'netIncomeFromContinuingOperationNetMinorityInterest': 7747000000.0, 'otherIncomeExpense': 1819000000.0, 'operatingIncome': 8997000000.0, 'netInterestIncome': -1067000000.0, 'netIncomeFromContinuingAndDiscontinuedOperation': 7747000000.0, 'reconciledCostOfRevenue': 13433000000.0}}, {'2021-12-31': {'taxProvision': 2621000000.0, 'netIncomeIncludingNoncontrollingInterests': 9804000000.0, 'earningsFromEquityInterest': 1438000000.0, 'totalUnusualItemsExcludingGoodwill': -731000000.0, 'totalRevenue': 38655000000.0, 'otherSpecialCharges': 15000000.0, 'costOfRevenue': 15357000000.0, 'interestExpenseNonOperating': 1597000000.0, 'operatingRevenue': 38655000000.0, 'grossProfit': 23298000000.0, 'reconciledDepreciation': 1452000000.0, 'dilutedAverageShares': 4340000000.0, 'sellingAndMarketingExpense': 6672000000.0, 'normalizedIncome': 9771000000.0, 'otherNonOperatingIncomeExpenses': 2000000000.0, 'operatingExpense': 12990000000.0, 'dilutedEPS': 2.25, 'totalOperatingIncomeAsReported': 10308000000.0, 'taxEffectOfUnusualItems': 0.0, 'netIncomeContinuousOperations': 9804000000.0, 'basicAverageShares': 4315000000.0, 'ebit': 14022000000.0, 'restructuringAndMergernAcquisition': 638000000.0, 'dilutedNIAvailtoComStockholders': 9771000000.0, 'totalUnusualItems': -731000000.0, 'netIncome': 9771000000.0, 'specialIncomeCharges': -731000000.0, 'pretaxIncome': 12425000000.0, 'salariesAndWages': 337000000.0, 'interestExpense': 1597000000.0, 'impairmentOfCapitalAssets': 78000000.0, 'basicEPS': 2.26, 'totalExpenses': 28347000000.0, 'interestIncome': 276000000.0, 'taxRateForCalcs': 0.211, 'netNonOperatingInterestIncomeExpense': -1321000000.0, 'otherOperatingExpenses': 846000000.0, 'otherGandA': 5135000000.0, 'interestIncomeNonOperating': 276000000.0, 'netIncomeCommonStockholders': 9771000000.0, 'normalizedEBITDA': 15474000000.0, 'generalAndAdministrativeExpense': 337000000.0, 'sellingGeneralAndAdministration': 12144000000.0, 'minorityInterests': -33000000.0, 'netIncomeFromContinuingOperationNetMinorityInterest': 9771000000.0, 'otherIncomeExpense': 3438000000.0, 'operatingIncome': 10308000000.0, 'netInterestIncome': -1321000000.0, 'netIncomeFromContinuingAndDiscontinuedOperation': 9771000000.0, 'reconciledCostOfRevenue': 15357000000.0}}, {'2022-12-31': {'taxProvision': 2115000000.0, 'netIncomeIncludingNoncontrollingInterests': 9571000000.0, 'earningsFromEquityInterest': 1472000000.0, 'costOfRevenue': 18000000000.0, 'totalUnusualItemsExcludingGoodwill': -1139000000.0, 'totalRevenue': 43004000000.0, 'interestExpenseNonOperating': 882000000.0, 'otherIncomeExpense': 1210000000.0, 'totalOperatingIncomeAsReported': 10909000000.0, 'operatingIncome': 10909000000.0, 'operatingRevenue': 43004000000.0, 'grossProfit': 25004000000.0, 'taxEffectOfUnusualItems': 0.0, 'reconciledDepreciation': 1260000000.0, 'dilutedAverageShares': 4350000000.0, 'sellingAndMarketingExpense': 7086000000.0, 'normalizedIncome': 10474841000.0, 'minorityInterests': -29000000.0, 'otherNonOperatingIncomeExpenses': -262000000.0, 'netInterestIncome': -433000000.0, 'netIncomeContinuousOperations': 9571000000.0, 'sellingGeneralAndAdministration': 12880000000.0, 'operatingExpense': 12956000000.0, 'dilutedEPS': 2.19, 'totalExpenses': 32095000000.0, 'basicAverageShares': 4328000000.0, 'interestIncomeNonOperating': 449000000.0, 'ebit': 12568000000.0, 'restructuringAndMergernAcquisition': 1082000000.0, 'dilutedNIAvailtoComStockholders': 9542000000.0, 'pretaxIncome': 11686000000.0, 'totalUnusualItems': -1139000000.0, 'netIncome': 9542000000.0, 'interestExpense': 882000000.0, 'specialIncomeCharges': -1139000000.0, 'salariesAndWages': 356000000.0, 'impairmentOfCapitalAssets': 57000000.0, 'basicEPS': 2.2, 'interestIncome': 449000000.0, 'otherOperatingExpenses': 1215000000.0, 'taxRateForCalcs': 0.181, 'netNonOperatingInterestIncomeExpense': -433000000.0, 'netIncomeFromContinuingAndDiscontinuedOperation': 9542000000.0, 'generalAndAdministrativeExpense': 356000000.0, 'reconciledCostOfRevenue': 18000000000.0, 'netIncomeCommonStockholders': 9542000000.0, 'normalizedEBITDA': 14967000000.0, 'netIncomeFromContinuingOperationNetMinorityInterest': 9542000000.0, 'eBITDA': 13828000000.0}}, {'2023-03-31': {'costOfRevenue': 18226000000.0, 'netIncomeIncludingNoncontrollingInterests': 9891000000.0, 'totalRevenue': 43493000000.0, 'totalUnusualItemsExcludingGoodwill': -1139000000.0, 'interestExpenseNonOperating': 1072000000.0, 'earningsFromEquityInterest': 1485000000.0, 'otherIncomeExpense': 804000000.0, 'totalOperatingIncomeAsReported': 10871000000.0, 'operatingIncome': 12010000000.0, 'taxEffectOfUnusualItems': -221660288.250142, 'taxProvision': 2390000000.0, 'minorityInterests': -23000000.0, 'sellingAndMarketingExpense': 7170000000.0, 'netInterestIncome': -533000000.0, 'netIncomeContinuousOperations': 9891000000.0, 'sellingGeneralAndAdministration': 7497000000.0, 'normalizedIncome': 10785339711.749859, 'totalExpenses': 31483000000.0, 'operatingExpense': 13257000000.0, 'interestIncomeNonOperating': 539000000.0, 'pretaxIncome': 12281000000.0, 'interestExpense': 1072000000.0, 'netIncome': 9868000000.0, 'totalUnusualItems': -1139000000.0, 'dilutedNIAvailtoComStockholders': 9868000000.0, 'interestIncome': 539000000.0, 'otherOperatingExpenses': 5760000000.0, 'ebit': 13353000000.0, 'netIncomeFromContinuingAndDiscontinuedOperation': 9868000000.0, 'salariesAndWages': 327000000.0, 'generalAndAdministrativeExpense': 327000000.0, 'reconciledCostOfRevenue': 18226000000.0, 'reconciledDepreciation': 1222000000.0, 'netIncomeFromContinuingOperationNetMinorityInterest': 9868000000.0, 'otherNonOperatingIncomeExpenses': 458000000.0, 'eBITDA': 14575000000.0, 'netNonOperatingInterestIncomeExpense': -533000000.0, 'operatingRevenue': 43493000000.0, 'grossProfit': 25267000000.0, 'taxRateForCalcs': 0.19461, 'normalizedEBITDA': 15714000000.0, 'netIncomeCommonStockholders': 9868000000.0}}], 'JNJ': [{'2022-12-31': {'costOfRevenue': 31089000000.0, 'totalRevenue': 94943000000.0, 'interestExpenseNonOperating': 276000000.0, 'researchAndDevelopment': 15386000000.0, 'taxProvision': 3784000000.0, 'otherIncomeExpense': -2192000000.0, 'operatingIncome': 23703000000.0, 'grossProfit': 63854000000.0, 'totalUnusualItemsExcludingGoodwill': -321000000.0, 'normalizedIncome': 18206146000.0, 'netIncomeIncludingNoncontrollingInterests': 17941000000.0, 'operatingRevenue': 94943000000.0, 'reconciledCostOfRevenue': 31089000000.0, 'totalExpenses': 71240000000.0, 'netIncomeContinuousOperations': 17941000000.0, 'taxEffectOfUnusualItems': -55854000.0, 'netInterestIncome': 214000000.0, 'interestIncomeNonOperating': 490000000.0, 'ebit': 22001000000.0, 'operatingExpense': 40151000000.0, 'restructuringAndMergernAcquisition': 321000000.0, 'sellingGeneralAndAdministration': 24765000000.0, 'dilutedEPS': 6.73, 'dilutedAverageShares': 2663900000.0, 'totalUnusualItems': -321000000.0, 'pretaxIncome': 21725000000.0, 'interestIncome': 490000000.0, 'dilutedNIAvailtoComStockholders': 17941000000.0, 'specialIncomeCharges': -321000000.0, 'interestExpense': 276000000.0, 'netIncome': 17941000000.0, 'netIncomeFromContinuingAndDiscontinuedOperation': 17941000000.0, 'netIncomeCommonStockholders': 17941000000.0, 'normalizedEBITDA': 29292000000.0, 'totalOtherFinanceCost': -214000000.0, 'netNonOperatingInterestIncomeExpense': 214000000.0, 'basicAverageShares': 2625200000.0, 'otherNonOperatingIncomeExpenses': -1871000000.0, 'netIncomeFromContinuingOperationNetMinorityInterest': 17941000000.0, 'eBITDA': 28971000000.0, 'reconciledDepreciation': 6970000000.0, 'taxRateForCalcs': 0.174, 'basicEPS': 6.83}}, {'2023-03-31': {'costOfRevenue': 31886000000.0, 'totalRevenue': 96263000000.0, 'interestExpenseNonOperating': 481000000.0, 'researchAndDevelopment': 14926000000.0, 'otherIncomeExpense': -9652000000.0, 'operatingIncome': 24586000000.0, 'normalizedIncome': 18932901494.116093, 'taxProvision': 2402000000.0, 'reconciledCostOfRevenue': 31886000000.0, 'totalExpenses': 71677000000.0, 'netIncomeContinuousOperations': 12724000000.0, 'netInterestIncome': 222000000.0, 'interestIncomeNonOperating': 703000000.0, 'sellingGeneralAndAdministration': 24865000000.0, 'totalUnusualItemsExcludingGoodwill': -7381000000.0, 'interestIncome': 703000000.0, 'pretaxIncome': 15126000000.0, 'interestExpense': 481000000.0, 'netIncome': 12724000000.0, 'netIncomeFromContinuingAndDiscontinuedOperation': 12724000000.0, 'restructuringAndMergernAcquisition': 381000000.0, 'operatingExpense': 39791000000.0, 'ebit': 15607000000.0, 'totalUnusualItems': -7381000000.0, 'dilutedNIAvailtoComStockholders': 12724000000.0, 'taxEffectOfUnusualItems': -1172098505.883909, 'eBITDA': 22688000000.0, 'netNonOperatingInterestIncomeExpense': 222000000.0, 'taxRateForCalcs': 0.158799, 'netIncomeFromContinuingOperationNetMinorityInterest': 12724000000.0, 'specialIncomeCharges': -7681000000.0, 'netIncomeIncludingNoncontrollingInterests': 12724000000.0, 'otherNonOperatingIncomeExpenses': -2271000000.0, 'operatingRevenue': 96263000000.0, 'reconciledDepreciation': 7081000000.0, 'grossProfit': 64377000000.0, 'netIncomeCommonStockholders': 12724000000.0, 'normalizedEBITDA': 30069000000.0}}, {'2019-12-31': {'costOfRevenue': 27556000000.0, 'taxProvision': 2209000000.0, 'grossProfit': 54503000000.0, 'totalUnusualItemsExcludingGoodwill': -1156000000.0, 'operatingIncome': 20970000000.0, 'otherIncomeExpense': -3681000000.0, 'otherSpecialCharges': 890000000.0, 'interestExpenseNonOperating': 318000000.0, 'researchAndDevelopment': 11355000000.0, 'netIncomeIncludingNoncontrollingInterests': 15119000000.0, 'operatingRevenue': 82059000000.0, 'taxEffectOfUnusualItems': -146812000.0, 'ebit': 20970000000.0, 'operatingExpense': 33533000000.0, 'restructuringAndMergernAcquisition': 266000000.0, 'dilutedEPS': 5.63, 'dilutedAverageShares': 2684300000.0, 'totalUnusualItems': -1156000000.0, 'normalizedIncome': 16128188000.0, 'netIncomeContinuousOperations': 15119000000.0, 'pretaxIncome': 17328000000.0, 'dilutedNIAvailtoComStockholders': 15119000000.0, 'specialIncomeCharges': -1156000000.0, 'interestIncomeNonOperating': 357000000.0, 'netIncome': 15119000000.0, 'interestExpense': 318000000.0, 'netIncomeFromContinuingAndDiscontinuedOperation': 15119000000.0, 'netIncomeCommonStockholders': 15119000000.0, 'normalizedEBITDA': 22126000000.0, 'totalExpenses': 61089000000.0, 'interestIncome': 357000000.0, 'netNonOperatingInterestIncomeExpense': 39000000.0, 'basicAverageShares': 2632507000.0, 'sellingGeneralAndAdministration': 22178000000.0, 'otherNonOperatingIncomeExpenses': -2525000000.0, 'netInterestIncome': 39000000.0, 'netIncomeFromContinuingOperationNetMinorityInterest': 15119000000.0, 'reconciledDepreciation': 7009000000.0, 'taxRateForCalcs': 0.127, 'reconciledCostOfRevenue': 27556000000.0, 'basicEPS': 5.743195, 'totalRevenue': 82059000000.0, 'totalOtherFinanceCost': -39000000.0}}, {'2020-12-31': {'costOfRevenue': 28427000000.0, 'taxProvision': 1783000000.0, 'grossProfit': 54157000000.0, 'totalUnusualItemsExcludingGoodwill': -428000000.0, 'operatingIncome': 19914000000.0, 'otherIncomeExpense': -3327000000.0, 'otherSpecialCharges': 181000000.0, 'interestExpenseNonOperating': 201000000.0, 'researchAndDevelopment': 12159000000.0, 'netIncomeIncludingNoncontrollingInterests': 14714000000.0, 'operatingRevenue': 82584000000.0, 'taxEffectOfUnusualItems': -46224000.0, 'ebit': 19914000000.0, 'operatingExpense': 34243000000.0, 'restructuringAndMergernAcquisition': 247000000.0, 'dilutedEPS': 5.51, 'dilutedAverageShares': 2670700000.0, 'totalUnusualItems': -428000000.0, 'normalizedIncome': 15095776000.0, 'netIncomeContinuousOperations': 14714000000.0, 'pretaxIncome': 16497000000.0, 'dilutedNIAvailtoComStockholders': 14714000000.0, 'specialIncomeCharges': -428000000.0, 'interestIncomeNonOperating': 111000000.0, 'netIncome': 14714000000.0, 'interestExpense': 201000000.0, 'netIncomeFromContinuingAndDiscontinuedOperation': 14714000000.0, 'netIncomeCommonStockholders': 14714000000.0, 'normalizedEBITDA': 20342000000.0, 'totalExpenses': 62670000000.0, 'interestIncome': 111000000.0, 'netNonOperatingInterestIncomeExpense': -90000000.0, 'basicAverageShares': 2632800000.0, 'sellingGeneralAndAdministration': 22084000000.0, 'otherNonOperatingIncomeExpenses': -2899000000.0, 'netInterestIncome': -90000000.0, 'netIncomeFromContinuingOperationNetMinorityInterest': 14714000000.0, 'reconciledDepreciation': 7231000000.0, 'taxRateForCalcs': 0.108, 'reconciledCostOfRevenue': 28427000000.0, 'basicEPS': 5.59, 'totalRevenue': 82584000000.0, 'totalOtherFinanceCost': 90000000.0}}, {'2021-12-31': {'costOfRevenue': 29855000000.0, 'taxProvision': 1898000000.0, 'grossProfit': 63920000000.0, 'totalUnusualItemsExcludingGoodwill': -1152000000.0, 'operatingIncome': 24547000000.0, 'otherIncomeExpense': -1641000000.0, 'otherSpecialCharges': 900000000.0, 'interestExpenseNonOperating': 183000000.0, 'researchAndDevelopment': 14714000000.0, 'netIncomeIncludingNoncontrollingInterests': 20878000000.0, 'operatingRevenue': 93775000000.0, 'taxEffectOfUnusualItems': -95616000.0, 'ebit': 24547000000.0, 'operatingExpense': 39373000000.0, 'restructuringAndMergernAcquisition': 252000000.0, 'dilutedEPS': 7.81, 'dilutedAverageShares': 2674000000.0, 'totalUnusualItems': -1152000000.0, 'normalizedIncome': 21934384000.0, 'netIncomeContinuousOperations': 20878000000.0, 'pretaxIncome': 22776000000.0, 'dilutedNIAvailtoComStockholders': 20878000000.0, 'specialIncomeCharges': -1152000000.0, 'interestIncomeNonOperating': 53000000.0, 'netIncome': 20878000000.0, 'interestExpense': 183000000.0, 'netIncomeFromContinuingAndDiscontinuedOperation': 20878000000.0, 'netIncomeCommonStockholders': 20878000000.0, 'normalizedEBITDA': 25699000000.0, 'totalExpenses': 69228000000.0, 'interestIncome': 53000000.0, 'netNonOperatingInterestIncomeExpense': -130000000.0, 'basicAverageShares': 2632100000.0, 'sellingGeneralAndAdministration': 24659000000.0, 'otherNonOperatingIncomeExpenses': -489000000.0, 'netInterestIncome': -130000000.0, 'netIncomeFromContinuingOperationNetMinorityInterest': 20878000000.0, 'reconciledDepreciation': 7390000000.0, 'taxRateForCalcs': 0.083, 'reconciledCostOfRevenue': 29855000000.0, 'basicEPS': 7.93, 'totalRevenue': 93775000000.0, 'totalOtherFinanceCost': 130000000.0}}], 'DOW': [{'2022-12-31': {'pretaxIncome': 6090000000.0, 'netIncome': 4582000000.0, 'interestExpense': 662000000.0, 'totalUnusualItems': -165000000.0, 'dilutedNIAvailtoComStockholders': 4582000000.0, 'interestIncomeNonOperating': 173000000.0, 'specialIncomeCharges': -48000000.0, 'gainOnSaleOfBusiness': 0.0, 'interestIncome': 173000000.0, 'taxRateForCalcs': 0.238, 'totalExpenses': 51200000000.0, 'netNonOperatingInterestIncomeExpense': -489000000.0, 'netIncomeFromContinuingAndDiscontinuedOperation': 4582000000.0, 'restructuringAndMergernAcquisition': 118000000.0, 'ebit': 6752000000.0, 'otherNonOperatingIncomeExpenses': 774000000.0, 'sellingGeneralAndAdministration': 1675000000.0, 'dilutedEPS': 6.28, 'normalizedEBITDA': 9675000000.0, 'gainOnSaleOfSecurity': -117000000.0, 'generalAndAdministrativeExpense': 1675000000.0, 'depreciationAmortizationDepletionIncomeStatement': 336000000.0, 'netIncomeCommonStockholders': 4582000000.0, 'reconciledDepreciation': 2758000000.0, 'netIncomeFromContinuingOperationNetMinorityInterest': 4582000000.0, 'minorityInterests': -58000000.0, 'otherSpecialCharges': 8000000.0, 'reconciledCostOfRevenue': 45916000000.0, 'eBITDA': 9510000000.0, 'netInterestIncome': -489000000.0, 'operatingIncome': 5702000000.0, 'operatingRevenue': 56902000000.0, 'totalRevenue': 56902000000.0, 'basicAverageShares': 721000000.0, 'grossProfit': 8564000000.0, 'gainOnSaleOfPPE': 78000000.0, 'netIncomeIncludingNoncontrollingInterests': 4640000000.0, 'taxProvision': 1450000000.0, 'amortization': 336000000.0, 'earningsFromEquityInterest': 268000000.0, 'costOfRevenue': 48338000000.0, 'totalUnusualItemsExcludingGoodwill': -165000000.0, 'interestExpenseNonOperating': 662000000.0, 'researchAndDevelopment': 851000000.0, 'otherIncomeExpense': 877000000.0, 'taxEffectOfUnusualItems': -28095238.095238, 'depreciationAndAmortizationInIncomeStatement': 336000000.0, 'normalizedIncome': 4707730000.0, 'amortizationOfIntangiblesIncomeStatement': 336000000.0, 'basicEPS': 6.32, 'operatingExpense': 2862000000.0, 'netIncomeContinuousOperations': 4640000000.0, 'otherGandA': 1675000000.0, 'dilutedAverageShares': 725600000.0}}, {'2023-03-31': {'pretaxIncome': 3915000000.0, 'interestExpense': 680000000.0, 'netIncome': 2920000000.0, 'totalUnusualItems': -611000000.0, 'interestIncome': 221000000.0, 'netIncomeFromContinuingAndDiscontinuedOperation': 2920000000.0, 'restructuringAndMergernAcquisition': 473000000.0, 'ebit': 4595000000.0, 'dilutedNIAvailtoComStockholders': 2925000000.0, 'gainOnSaleOfSecurity': -221000000.0, 'reconciledDepreciation': 2654000000.0, 'netIncomeFromContinuingOperationNetMinorityInterest': 2920000000.0, 'otherSpecialCharges': 11000000.0, 'eBITDA': 7249000000.0, 'netNonOperatingInterestIncomeExpense': -459000000.0, 'depreciationAmortizationDepletionIncomeStatement': 329000000.0, 'operatingRevenue': 53489000000.0, 'netIncomeCommonStockholders': 2925000000.0, 'otherNonOperatingIncomeExpenses': 796000000.0, 'taxRateForCalcs': 0.229885, 'grossProfit': 6924000000.0, 'gainOnSaleOfPPE': 112000000.0, 'netIncomeIncludingNoncontrollingInterests': 3015000000.0, 'specialIncomeCharges': -390000000.0, 'normalizedEBITDA': 7860000000.0, 'amortization': 329000000.0, 'costOfRevenue': 46565000000.0, 'totalRevenue': 53489000000.0, 'interestExpenseNonOperating': 680000000.0, 'earningsFromEquityInterest': 46000000.0, 'researchAndDevelopment': 847000000.0, 'totalUnusualItemsExcludingGoodwill': -611000000.0, 'otherIncomeExpense': 231000000.0, 'operatingIncome': 4143000000.0, 'taxEffectOfUnusualItems': -140459770.114943, 'taxProvision': 900000000.0, 'depreciationAndAmortizationInIncomeStatement': 329000000.0, 'minorityInterests': -95000000.0, 'netInterestIncome': -459000000.0, 'reconciledCostOfRevenue': 44240000000.0, 'normalizedIncome': 3390540229.885057, 'netIncomeContinuousOperations': 3015000000.0, 'amortizationOfIntangiblesIncomeStatement': 329000000.0, 'totalExpenses': 49346000000.0, 'operatingExpense': 2781000000.0, 'sellingGeneralAndAdministration': 1605000000.0, 'interestIncomeNonOperating': 221000000.0}}, {'2019-12-31': {'netIncome': -1359000000.0, 'totalUnusualItems': -4282000000.0, 'dilutedNIAvailtoComStockholders': -1359000000.0, 'interestIncomeNonOperating': 81000000.0, 'specialIncomeCharges': -4282000000.0, 'pretaxIncome': -1247000000.0, 'interestExpense': 933000000.0, 'taxRateForCalcs': 0.27, 'netIncomeDiscontinuousOperations': 445000000.0, 'totalExpenses': 39431000000.0, 'netNonOperatingInterestIncomeExpense': -852000000.0, 'interestIncome': 81000000.0, 'otherNonOperatingIncomeExpenses': 461000000.0, 'sellingGeneralAndAdministration': 1590000000.0, 'dilutedEPS': -1.84, 'normalizedEBITDA': 6906000000.0, 'depreciationAmortizationDepletionIncomeStatement': 419000000.0, 'netIncomeCommonStockholders': -1359000000.0, 'generalAndAdministrativeExpense': 1590000000.0, 'reconciledDepreciation': 2938000000.0, 'netIncomeFromContinuingOperationNetMinorityInterest': -1804000000.0, 'minorityInterests': -87000000.0, 'reconciledCostOfRevenue': 34138000000.0, 'netInterestIncome': -852000000.0, 'netIncomeFromContinuingAndDiscontinuedOperation': -1359000000.0, 'operatingIncome': 3520000000.0, 'totalRevenue': 42951000000.0, 'basicAverageShares': 742500000.0, 'taxProvision': 470000000.0, 'earningsFromEquityInterest': -94000000.0, 'totalUnusualItemsExcludingGoodwill': -4282000000.0, 'researchAndDevelopment': 765000000.0, 'otherIncomeExpense': -3915000000.0, 'interestExpenseNonOperating': 933000000.0, 'grossProfit': 6294000000.0, 'operatingRevenue': 42951000000.0, 'netIncomeIncludingNoncontrollingInterests': -1272000000.0, 'amortization': 419000000.0, 'normalizedIncome': 1321860000.0, 'amortizationOfIntangiblesIncomeStatement': 419000000.0, 'basicEPS': -1.84, 'operatingExpense': 2774000000.0, 'otherGandA': 1590000000.0, 'dilutedAverageShares': 742500000.0, 'costOfRevenue': 36657000000.0, 'taxEffectOfUnusualItems': -1156140000.0, 'netIncomeContinuousOperations': -1717000000.0, 'ebit': -314000000.0, 'depreciationAndAmortizationInIncomeStatement': 419000000.0, 'restructuringAndMergernAcquisition': 4282000000.0}}, {'2020-12-31': {'netIncome': 1225000000.0, 'totalUnusualItems': -947000000.0, 'dilutedNIAvailtoComStockholders': 1225000000.0, 'interestIncomeNonOperating': 38000000.0, 'specialIncomeCharges': -947000000.0, 'pretaxIncome': 2071000000.0, 'gainOnSaleOfBusiness': 717000000.0, 'interestExpense': 827000000.0, 'taxRateForCalcs': 0.375181, 'netIncomeDiscontinuousOperations': 0.0, 'totalExpenses': 35986000000.0, 'netNonOperatingInterestIncomeExpense': -789000000.0, 'interestIncome': 38000000.0, 'otherNonOperatingIncomeExpenses': 1269000000.0, 'sellingGeneralAndAdministration': 1471000000.0, 'dilutedEPS': 1.64, 'normalizedEBITDA': 6719000000.0, 'depreciationAmortizationDepletionIncomeStatement': 401000000.0, 'netIncomeCommonStockholders': 1225000000.0, 'generalAndAdministrativeExpense': 1471000000.0, 'reconciledDepreciation': 2874000000.0, 'netIncomeFromContinuingOperationNetMinorityInterest': 1225000000.0, 'minorityInterests': -69000000.0, 'reconciledCostOfRevenue': 30873000000.0, 'netInterestIncome': -789000000.0, 'netIncomeFromContinuingAndDiscontinuedOperation': 1225000000.0, 'operatingIncome': 2556000000.0, 'totalRevenue': 38542000000.0, 'basicAverageShares': 740500000.0, 'taxProvision': 777000000.0, 'earningsFromEquityInterest': -18000000.0, 'totalUnusualItemsExcludingGoodwill': -947000000.0, 'otherSpecialCharges': 149000000.0, 'researchAndDevelopment': 768000000.0, 'gainOnSaleOfPPE': 48000000.0, 'otherIncomeExpense': 304000000.0, 'interestExpenseNonOperating': 827000000.0, 'grossProfit': 5196000000.0, 'operatingRevenue': 38542000000.0, 'netIncomeIncludingNoncontrollingInterests': 1294000000.0, 'amortization': 401000000.0, 'normalizedIncome': 1816703524.867214, 'amortizationOfIntangiblesIncomeStatement': 401000000.0, 'basicEPS': 1.64, 'operatingExpense': 2640000000.0, 'otherGandA': 1471000000.0, 'dilutedAverageShares': 742300000.0, 'costOfRevenue': 33346000000.0, 'taxEffectOfUnusualItems': -355296475.132786, 'netIncomeContinuousOperations': 1294000000.0, 'gainOnSaleOfSecurity': -62000000.0, 'ebit': 2898000000.0, 'depreciationAndAmortizationInIncomeStatement': 401000000.0, 'restructuringAndMergernAcquisition': 947000000.0}}, {'2021-12-31': {'netIncome': 6311000000.0, 'totalUnusualItems': -6000000.0, 'dilutedNIAvailtoComStockholders': 6311000000.0, 'interestIncomeNonOperating': 55000000.0, 'specialIncomeCharges': -6000000.0, 'pretaxIncome': 8145000000.0, 'gainOnSaleOfBusiness': 16000000.0, 'interestExpense': 731000000.0, 'taxRateForCalcs': 0.213628, 'netIncomeDiscontinuousOperations': 0.0, 'totalExpenses': 47081000000.0, 'netNonOperatingInterestIncomeExpense': -676000000.0, 'interestIncome': 55000000.0, 'otherNonOperatingIncomeExpenses': -35000000.0, 'sellingGeneralAndAdministration': 1645000000.0, 'dilutedEPS': 8.38, 'normalizedEBITDA': 11724000000.0, 'depreciationAmortizationDepletionIncomeStatement': 388000000.0, 'netIncomeCommonStockholders': 6311000000.0, 'generalAndAdministrativeExpense': 1645000000.0, 'reconciledDepreciation': 2842000000.0, 'netIncomeFromContinuingOperationNetMinorityInterest': 6311000000.0, 'minorityInterests': -94000000.0, 'reconciledCostOfRevenue': 41737000000.0, 'netInterestIncome': -676000000.0, 'netIncomeFromContinuingAndDiscontinuedOperation': 6311000000.0, 'operatingIncome': 7887000000.0, 'totalRevenue': 54968000000.0, 'basicAverageShares': 743600000.0, 'taxProvision': 1740000000.0, 'earningsFromEquityInterest': 975000000.0, 'totalUnusualItemsExcludingGoodwill': -6000000.0, 'otherSpecialCharges': 520000000.0, 'researchAndDevelopment': 857000000.0, 'gainOnSaleOfPPE': 105000000.0, 'otherIncomeExpense': 934000000.0, 'interestExpenseNonOperating': 731000000.0, 'grossProfit': 10777000000.0, 'operatingRevenue': 54968000000.0, 'netIncomeIncludingNoncontrollingInterests': 6405000000.0, 'amortization': 388000000.0, 'normalizedIncome': 6315718232.044199, 'amortizationOfIntangiblesIncomeStatement': 388000000.0, 'basicEPS': 8.44, 'operatingExpense': 2890000000.0, 'otherGandA': 1645000000.0, 'dilutedAverageShares': 749000000.0, 'costOfRevenue': 44191000000.0, 'taxEffectOfUnusualItems': -1281767.955801, 'netIncomeContinuousOperations': 6405000000.0, 'otherunderPreferredStockDividend': 32000000.0, 'gainOnSaleOfSecurity': -8000000.0, 'ebit': 8876000000.0, 'depreciationAndAmortizationInIncomeStatement': 388000000.0, 'restructuringAndMergernAcquisition': 6000000.0}}], 'DIS': [{'2019-09-30': {'taxProvision': 3031000000.0, 'netIncomeIncludingNoncontrollingInterests': 11584000000.0, 'operatingRevenue': 69570000000.0, 'totalUnusualItemsExcludingGoodwill': -1183000000.0, 'earningsFromEquityInterest': -103000000.0, 'totalRevenue': 69570000000.0, 'costOfRevenue': 57719000000.0, 'gainOnSaleOfPPE': 28000000.0, 'netIncomeFromContinuingOperationNetMinorityInterest': 10383000000.0, 'reconciledDepreciation': 4160000000.0, 'normalizedIncome': 11308851907.630522, 'restructuringAndMergernAcquisition': 1183000000.0, 'normalizedEBITDA': 17194000000.0, 'depreciationAmortizationDepletionIncomeStatement': 4160000000.0, 'grossProfit': 11851000000.0, 'otherNonOperatingIncomeExpenses': 4357000000.0, 'interestIncome': 268000000.0, 'netIncomeContinuousOperations': 10913000000.0, 'operatingExpense': 15701000000.0, 'otherSpecialCharges': 465000000.0, 'depreciationAndAmortizationInIncomeStatement': 4160000000.0, 'dilutedAverageShares': 1666000000.0, 'taxEffectOfUnusualItems': -257148092.369478, 'interestIncomeNonOperating': 268000000.0, 'totalUnusualItems': -1183000000.0, 'dilutedNIAvailtoComStockholders': 11054000000.0, 'ebit': 11851000000.0, 'netIncome': 11054000000.0, 'dilutedEPS': 6.64, 'netNonOperatingInterestIncomeExpense': -978000000.0, 'totalExpenses': 57719000000.0, 'taxRateForCalcs': 0.217369, 'netIncomeCommonStockholders': 11054000000.0, 'basicAverageShares': 1656000000.0, 'interestExpense': 978000000.0, 'specialIncomeCharges': -1183000000.0, 'pretaxIncome': 13944000000.0, 'sellingGeneralAndAdministration': 11541000000.0, 'netInterestIncome': -978000000.0, 'netIncomeFromContinuingAndDiscontinuedOperation': 11054000000.0, 'basicEPS': 6.68, 'totalOtherFinanceCost': 978000000.0, 'otherIncomeExpense': 3071000000.0, 'interestExpenseNonOperating': 978000000.0, 'reconciledCostOfRevenue': 57719000000.0, 'operatingIncome': 11851000000.0, 'netIncomeDiscontinuousOperations': 671000000.0, 'minorityInterests': -530000000.0}}, {'2020-09-30': {'taxProvision': 699000000.0, 'netIncomeIncludingNoncontrollingInterests': -2474000000.0, 'operatingRevenue': 65388000000.0, 'totalUnusualItemsExcludingGoodwill': -5735000000.0, 'earningsFromEquityInterest': 651000000.0, 'totalRevenue': 65388000000.0, 'costOfRevenue': 61594000000.0, 'netIncomeFromContinuingOperationNetMinorityInterest': -2832000000.0, 'reconciledDepreciation': 5345000000.0, 'normalizedIncome': 1354550000.0, 'restructuringAndMergernAcquisition': 5735000000.0, 'normalizedEBITDA': 10828000000.0, 'depreciationAmortizationDepletionIncomeStatement': 5345000000.0, 'grossProfit': 3794000000.0, 'otherNonOperatingIncomeExpenses': 1038000000.0, 'interestIncome': 156000000.0, 'netIncomeContinuousOperations': -2442000000.0, 'operatingExpense': 17714000000.0, 'otherSpecialCharges': -973000000.0, 'depreciationAndAmortizationInIncomeStatement': 5345000000.0, 'gainOnSaleOfSecurity': 1038000000.0, 'dilutedAverageShares': 1808000000.0, 'taxEffectOfUnusualItems': -1548450000.0, 'interestIncomeNonOperating': 156000000.0, 'totalUnusualItems': -5735000000.0, 'dilutedNIAvailtoComStockholders': -2864000000.0, 'ebit': -252000000.0, 'netIncome': -2864000000.0, 'dilutedEPS': -1.58, 'netNonOperatingInterestIncomeExpense': -1491000000.0, 'totalExpenses': 61594000000.0, 'taxRateForCalcs': 0.27, 'netIncomeCommonStockholders': -2864000000.0, 'basicAverageShares': 1808000000.0, 'interestExpense': 1491000000.0, 'specialIncomeCharges': -5735000000.0, 'pretaxIncome': -1743000000.0, 'sellingGeneralAndAdministration': 12369000000.0, 'netInterestIncome': -1491000000.0, 'netIncomeFromContinuingAndDiscontinuedOperation': -2864000000.0, 'basicEPS': -1.58, 'otherIncomeExpense': -4046000000.0, 'interestExpenseNonOperating': 1491000000.0, 'reconciledCostOfRevenue': 61594000000.0, 'operatingIncome': 3794000000.0, 'netIncomeDiscontinuousOperations': -32000000.0, 'minorityInterests': -390000000.0}}, {'2021-09-30': {'taxProvision': 25000000.0, 'netIncomeIncludingNoncontrollingInterests': 2507000000.0, 'operatingRevenue': 67418000000.0, 'totalUnusualItemsExcludingGoodwill': -654000000.0, 'earningsFromEquityInterest': 761000000.0, 'totalRevenue': 67418000000.0, 'costOfRevenue': 63759000000.0, 'netIncomeFromContinuingOperationNetMinorityInterest': 2024000000.0, 'reconciledDepreciation': 5111000000.0, 'normalizedIncome': 2671615775.087856, 'restructuringAndMergernAcquisition': 654000000.0, 'normalizedEBITDA': 9732000000.0, 'depreciationAmortizationDepletionIncomeStatement': 5111000000.0, 'grossProfit': 3659000000.0, 'otherNonOperatingIncomeExpenses': 201000000.0, 'interestIncome': 140000000.0, 'netIncomeContinuousOperations': 2536000000.0, 'operatingExpense': 18628000000.0, 'depreciationAndAmortizationInIncomeStatement': 5111000000.0, 'gainOnSaleOfSecurity': -111000000.0, 'dilutedAverageShares': 1828000000.0, 'taxEffectOfUnusualItems': -6384224.912144, 'interestIncomeNonOperating': 140000000.0, 'totalUnusualItems': -654000000.0, 'dilutedNIAvailtoComStockholders': 1995000000.0, 'ebit': 3967000000.0, 'netIncome': 1995000000.0, 'gainOnSaleOfBusiness': 312000000.0, 'dilutedEPS': 1.09, 'netNonOperatingInterestIncomeExpense': -1406000000.0, 'totalExpenses': 63759000000.0, 'taxRateForCalcs': 0.009762, 'netIncomeCommonStockholders': 1995000000.0, 'basicAverageShares': 1816000000.0, 'interestExpense': 1406000000.0, 'specialIncomeCharges': -654000000.0, 'pretaxIncome': 2561000000.0, 'sellingGeneralAndAdministration': 13517000000.0, 'netInterestIncome': -1406000000.0, 'netIncomeFromContinuingAndDiscontinuedOperation': 1995000000.0, 'basicEPS': 1.1, 'otherIncomeExpense': 308000000.0, 'interestExpenseNonOperating': 1406000000.0, 'reconciledCostOfRevenue': 63759000000.0, 'operatingIncome': 3659000000.0, 'netIncomeDiscontinuousOperations': -29000000.0, 'minorityInterests': -512000000.0}}, {'2022-09-30': {'taxProvision': 1732000000.0, 'netIncomeIncludingNoncontrollingInterests': 3505000000.0, 'operatingRevenue': 82722000000.0, 'totalUnusualItemsExcludingGoodwill': -237000000.0, 'earningsFromEquityInterest': 816000000.0, 'totalRevenue': 82722000000.0, 'costOfRevenue': 75952000000.0, 'netIncomeFromContinuingOperationNetMinorityInterest': 3193000000.0, 'reconciledDepreciation': 5163000000.0, 'normalizedIncome': 3352330368.96878, 'restructuringAndMergernAcquisition': 237000000.0, 'normalizedEBITDA': 12082000000.0, 'depreciationAmortizationDepletionIncomeStatement': 5163000000.0, 'grossProfit': 6770000000.0, 'otherNonOperatingIncomeExpenses': -667000000.0, 'interestIncome': 152000000.0, 'netIncomeContinuousOperations': 3553000000.0, 'operatingExpense': 21551000000.0, 'depreciationAndAmortizationInIncomeStatement': 5163000000.0, 'gainOnSaleOfSecurity': -663000000.0, 'dilutedAverageShares': 1827000000.0, 'taxEffectOfUnusualItems': -77669631.03122, 'interestIncomeNonOperating': 152000000.0, 'totalUnusualItems': -237000000.0, 'dilutedNIAvailtoComStockholders': 3145000000.0, 'ebit': 6682000000.0, 'netIncome': 3145000000.0, 'gainOnSaleOfBusiness': 0.0, 'dilutedEPS': 1.72, 'netNonOperatingInterestIncomeExpense': -1397000000.0, 'totalExpenses': 75952000000.0, 'taxRateForCalcs': 0.32772, 'netIncomeCommonStockholders': 3145000000.0, 'basicAverageShares': 1822000000.0, 'interestExpense': 1397000000.0, 'specialIncomeCharges': -237000000.0, 'pretaxIncome': 5285000000.0, 'sellingGeneralAndAdministration': 16388000000.0, 'netInterestIncome': -1397000000.0, 'netIncomeFromContinuingAndDiscontinuedOperation': 3145000000.0, 'basicEPS': 1.73, 'otherIncomeExpense': -88000000.0, 'interestExpenseNonOperating': 1397000000.0, 'reconciledCostOfRevenue': 75952000000.0, 'operatingIncome': 6770000000.0, 'netIncomeDiscontinuousOperations': -48000000.0, 'minorityInterests': -360000000.0}}, {'2022-12-31': {'taxProvision': 1656000000.0, 'earningsFromEquityInterest': 768000000.0, 'netIncomeIncludingNoncontrollingInterests': 3714000000.0, 'operatingIncome': 6567000000.0, 'operatingRevenue': 84415000000.0, 'interestExpenseNonOperating': 1653000000.0, 'totalUnusualItemsExcludingGoodwill': -607000000.0, 'otherIncomeExpense': 259000000.0, 'taxEffectOfUnusualItems': -187186592.178771, 'netInterestIncome': -1456000000.0, 'gainOnSaleOfSecurity': -301000000.0, 'depreciationAndAmortizationInIncomeStatement': 5200000000.0, 'sellingGeneralAndAdministration': 16428000000.0, 'operatingExpense': 21628000000.0, 'netIncomeContinuousOperations': 3714000000.0, 'normalizedIncome': 3739813407.821229, 'restructuringAndMergernAcquisition': 306000000.0, 'costOfRevenue': 56220000000.0, 'netIncome': 3320000000.0, 'pretaxIncome': 5370000000.0, 'dilutedNIAvailtoComStockholders': 3320000000.0, 'specialIncomeCharges': -306000000.0, 'interestIncomeNonOperating': 197000000.0, 'totalUnusualItems': -607000000.0, 'ebit': 7023000000.0, 'netIncomeFromContinuingAndDiscontinuedOperation': 3320000000.0, 'netNonOperatingInterestIncomeExpense': -1456000000.0, 'totalExpenses': 77848000000.0, 'interestIncome': 197000000.0, 'reconciledCostOfRevenue': 56220000000.0, 'netIncomeDiscontinuousOperations': 0.0, 'minorityInterests': -394000000.0, 'eBITDA': 12223000000.0, 'reconciledDepreciation': 5200000000.0, 'normalizedEBITDA': 12830000000.0, 'otherNonOperatingIncomeExpenses': 98000000.0, 'depreciationAmortizationDepletionIncomeStatement': 5200000000.0, 'grossProfit': 28195000000.0, 'netIncomeCommonStockholders': 3320000000.0, 'taxRateForCalcs': 0.30838, 'totalRevenue': 84415000000.0, 'interestExpense': 1653000000.0, 'netIncomeFromContinuingOperationNetMinorityInterest': 3320000000.0}}, {'2023-03-31': {'taxProvision': 1786000000.0, 'earningsFromEquityInterest': 731000000.0, 'netIncomeIncludingNoncontrollingInterests': 4605000000.0, 'operatingIncome': 7242000000.0, 'operatingRevenue': 86981000000.0, 'interestExpenseNonOperating': 1783000000.0, 'totalUnusualItemsExcludingGoodwill': -257000000.0, 'otherIncomeExpense': 502000000.0, 'taxEffectOfUnusualItems': -71820059.458614, 'netInterestIncome': -1353000000.0, 'gainOnSaleOfSecurity': 6000000.0, 'depreciationAndAmortizationInIncomeStatement': 5223000000.0, 'sellingGeneralAndAdministration': 16274000000.0, 'operatingExpense': 21497000000.0, 'netIncomeContinuousOperations': 4605000000.0, 'normalizedIncome': 4306179940.541386, 'restructuringAndMergernAcquisition': 263000000.0, 'costOfRevenue': 58242000000.0, 'netIncome': 4121000000.0, 'pretaxIncome': 6391000000.0, 'dilutedNIAvailtoComStockholders': 4121000000.0, 'specialIncomeCharges': -263000000.0, 'interestIncomeNonOperating': 430000000.0, 'totalUnusualItems': -257000000.0, 'ebit': 8174000000.0, 'netIncomeFromContinuingAndDiscontinuedOperation': 4121000000.0, 'netNonOperatingInterestIncomeExpense': -1353000000.0, 'totalExpenses': 79739000000.0, 'interestIncome': 430000000.0, 'reconciledCostOfRevenue': 58242000000.0, 'netIncomeDiscontinuousOperations': 0.0, 'minorityInterests': -484000000.0, 'eBITDA': 13397000000.0, 'reconciledDepreciation': 5223000000.0, 'normalizedEBITDA': 13654000000.0, 'otherNonOperatingIncomeExpenses': 28000000.0, 'depreciationAmortizationDepletionIncomeStatement': 5223000000.0, 'grossProfit': 28739000000.0, 'netIncomeCommonStockholders': 4121000000.0, 'taxRateForCalcs': 0.279455, 'totalRevenue': 86981000000.0, 'interestExpense': 1783000000.0, 'netIncomeFromContinuingOperationNetMinorityInterest': 4121000000.0}}], 'BA': [{'2019-12-31': {'netIncomeCommonStockholders': -636000000.0, 'taxRateForCalcs': 0.27, 'totalExpenses': 79221000000.0, 'ebit': -1537000000.0, 'gainOnSaleOfSecurity': -4000000.0, 'otherGandA': 3909000000.0, 'specialIncomeCharges': 691000000.0, 'dilutedNIAvailtoComStockholders': -636000000.0, 'netIncome': -636000000.0, 'pretaxIncome': -2259000000.0, 'normalizedIncome': -1137510000.0, 'totalUnusualItems': 687000000.0, 'dilutedAverageShares': 567857143.0, 'interestExpense': 722000000.0, 'dilutedEPS': -1.12, 'netIncomeFromContinuingAndDiscontinuedOperation': -636000000.0, 'operatingIncome': -2662000000.0, 'sellingGeneralAndAdministration': 3909000000.0, 'generalAndAdministrativeExpense': 3909000000.0, 'netInterestIncome': -722000000.0, 'reconciledCostOfRevenue': 72093000000.0, 'interestExpenseNonOperating': 722000000.0, 'basicAverageShares': 567857143.0, 'totalUnusualItemsExcludingGoodwill': 687000000.0, 'otherIncomeExpense': 1125000000.0, 'gainOnSaleOfPPE': 691000000.0, 'operatingRevenue': 76559000000.0, 'taxEffectOfUnusualItems': 185490000.0, 'netIncomeIncludingNoncontrollingInterests': -636000000.0, 'taxProvision': -1623000000.0, 'basicEPS': -1.12, 'reconciledDepreciation': 2271000000.0, 'netIncomeFromContinuingOperationNetMinorityInterest': -636000000.0, 'operatingExpense': 7128000000.0, 'netIncomeContinuousOperations': -636000000.0, 'costOfRevenue': 72093000000.0, 'totalRevenue': 76559000000.0, 'grossProfit': 4466000000.0, 'researchAndDevelopment': 3219000000.0, 'otherNonOperatingIncomeExpenses': 438000000.0, 'normalizedEBITDA': 47000000.0, 'totalOperatingIncomeAsReported': -1975000000.0, 'netNonOperatingInterestIncomeExpense': -722000000.0}}, {'2020-12-31': {'netIncomeCommonStockholders': -11873000000.0, 'taxRateForCalcs': 0.175, 'totalExpenses': 71136000000.0, 'ebit': -12320000000.0, 'gainOnSaleOfSecurity': 9000000.0, 'otherGandA': 4817000000.0, 'specialIncomeCharges': 202000000.0, 'dilutedNIAvailtoComStockholders': -11873000000.0, 'netIncome': -11941000000.0, 'pretaxIncome': -14476000000.0, 'normalizedIncome': -12115075000.0, 'totalUnusualItems': 211000000.0, 'dilutedAverageShares': 569000000.0, 'interestExpense': 2156000000.0, 'dilutedEPS': -20.88, 'netIncomeFromContinuingAndDiscontinuedOperation': -11941000000.0, 'operatingIncome': -12978000000.0, 'sellingGeneralAndAdministration': 4817000000.0, 'generalAndAdministrativeExpense': 4817000000.0, 'netInterestIncome': -2156000000.0, 'minorityInterests': 68000000.0, 'reconciledCostOfRevenue': 63843000000.0, 'interestExpenseNonOperating': 2156000000.0, 'basicAverageShares': 568630268.0, 'totalUnusualItemsExcludingGoodwill': 211000000.0, 'otherIncomeExpense': 658000000.0, 'gainOnSaleOfPPE': 202000000.0, 'operatingRevenue': 58158000000.0, 'taxEffectOfUnusualItems': 36925000.0, 'netIncomeIncludingNoncontrollingInterests': -11941000000.0, 'taxProvision': -2535000000.0, 'basicEPS': -20.88, 'reconciledDepreciation': 2246000000.0, 'netIncomeFromContinuingOperationNetMinorityInterest': -11941000000.0, 'operatingExpense': 7293000000.0, 'netIncomeContinuousOperations': -11941000000.0, 'costOfRevenue': 63843000000.0, 'totalRevenue': 58158000000.0, 'grossProfit': -5685000000.0, 'researchAndDevelopment': 2476000000.0, 'otherNonOperatingIncomeExpenses': 447000000.0, 'normalizedEBITDA': -10285000000.0, 'totalOperatingIncomeAsReported': -12767000000.0, 'netNonOperatingInterestIncomeExpense': -2156000000.0}}, {'2021-12-31': {'netIncomeCommonStockholders': -4202000000.0, 'taxRateForCalcs': 0.148, 'totalExpenses': 65675000000.0, 'ebit': -2351000000.0, 'gainOnSaleOfSecurity': 210000000.0, 'otherGandA': 4157000000.0, 'specialIncomeCharges': 277000000.0, 'dilutedNIAvailtoComStockholders': -4202000000.0, 'netIncome': -4290000000.0, 'pretaxIncome': -5033000000.0, 'normalizedIncome': -4704924000.0, 'totalUnusualItems': 487000000.0, 'dilutedAverageShares': 588000000.0, 'interestExpense': 2682000000.0, 'dilutedEPS': -7.15, 'netIncomeFromContinuingAndDiscontinuedOperation': -4290000000.0, 'operatingIncome': -3389000000.0, 'sellingGeneralAndAdministration': 4157000000.0, 'generalAndAdministrativeExpense': 4157000000.0, 'netInterestIncome': -2682000000.0, 'minorityInterests': 88000000.0, 'reconciledCostOfRevenue': 59269000000.0, 'interestExpenseNonOperating': 2682000000.0, 'basicAverageShares': 587692308.0, 'totalUnusualItemsExcludingGoodwill': 487000000.0, 'otherIncomeExpense': 1038000000.0, 'gainOnSaleOfPPE': 277000000.0, 'operatingRevenue': 62286000000.0, 'taxEffectOfUnusualItems': 72076000.0, 'netIncomeIncludingNoncontrollingInterests': -4290000000.0, 'taxProvision': -743000000.0, 'basicEPS': -7.15, 'reconciledDepreciation': 2144000000.0, 'netIncomeFromContinuingOperationNetMinorityInterest': -4290000000.0, 'operatingExpense': 6406000000.0, 'netIncomeContinuousOperations': -4290000000.0, 'costOfRevenue': 59269000000.0, 'totalRevenue': 62286000000.0, 'grossProfit': 3017000000.0, 'researchAndDevelopment': 2249000000.0, 'otherNonOperatingIncomeExpenses': 551000000.0, 'normalizedEBITDA': -694000000.0, 'totalOperatingIncomeAsReported': -2902000000.0, 'netNonOperatingInterestIncomeExpense': -2682000000.0}}, {'2022-12-31': {'netIncomeCommonStockholders': -4935000000.0, 'taxRateForCalcs': 0.4, 'ebit': -2489000000.0, 'totalExpenses': 70145000000.0, 'netIncome': -5053000000.0, 'gainOnSaleOfSecurity': -16000000.0, 'otherGandA': 4187000000.0, 'specialIncomeCharges': 6000000.0, 'reconciledCostOfRevenue': 63106000000.0, 'pretaxIncome': -5022000000.0, 'interestExpense': 2533000000.0, 'dilutedNIAvailtoComStockholders': -4935000000.0, 'eBITDA': -510000000.0, 'normalizedIncome': -4929000000.0, 'totalUnusualItems': -10000000.0, 'dilutedAverageShares': 595200000.0, 'netInterestIncome': -2533000000.0, 'dilutedEPS': -8.3, 'netNonOperatingInterestIncomeExpense': -2533000000.0, 'grossProfit': 3502000000.0, 'otherNonOperatingIncomeExpenses': 1058000000.0, 'netIncomeFromContinuingAndDiscontinuedOperation': -4935000000.0, 'operatingIncome': -3537000000.0, 'otherIncomeExpense': 1048000000.0, 'normalizedEBITDA': -500000000.0, 'sellingGeneralAndAdministration': 4187000000.0, 'generalAndAdministrativeExpense': 4187000000.0, 'minorityInterests': 118000000.0, 'netIncomeFromContinuingOperationNetMinorityInterest': -5053000000.0, 'totalRevenue': 66608000000.0, 'interestExpenseNonOperating': 2533000000.0, 'basicAverageShares': 594578313.0, 'totalUnusualItemsExcludingGoodwill': -10000000.0, 'netIncomeIncludingNoncontrollingInterests': -5053000000.0, 'gainOnSaleOfPPE': 6000000.0, 'operatingRevenue': 66608000000.0, 'taxProvision': 31000000.0, 'totalOperatingIncomeAsReported': -3547000000.0, 'taxEffectOfUnusualItems': -4000000.0, 'basicEPS': -8.3, 'reconciledDepreciation': 1979000000.0, 'operatingExpense': 7039000000.0, 'netIncomeContinuousOperations': -5053000000.0, 'costOfRevenue': 63106000000.0, 'researchAndDevelopment': 2852000000.0}}, {'2023-03-31': {'ebit': -1355000000.0, 'netIncomeCommonStockholders': -4130000000.0, 'netIncome': -4130000000.0, 'taxRateForCalcs': 0.4, 'reconciledCostOfRevenue': 65466000000.0, 'pretaxIncome': -3900000000.0, 'interestExpense': 2545000000.0, 'otherGandA': 4628000000.0, 'eBITDA': 595000000.0, 'netInterestIncome': -2545000000.0, 'totalExpenses': 73054000000.0, 'netNonOperatingInterestIncomeExpense': -2545000000.0, 'grossProfit': 5072000000.0, 'otherNonOperatingIncomeExpenses': 1179000000.0, 'otherIncomeExpense': 1161000000.0, 'normalizedEBITDA': 613000000.0, 'operatingIncome': -2516000000.0, 'netIncomeFromContinuingAndDiscontinuedOperation': -4130000000.0, 'generalAndAdministrativeExpense': 4628000000.0, 'minorityInterests': 106000000.0, 'netIncomeFromContinuingOperationNetMinorityInterest': -4130000000.0, 'totalRevenue': 70538000000.0, 'totalUnusualItemsExcludingGoodwill': -18000000.0, 'netIncomeIncludingNoncontrollingInterests': -4236000000.0, 'taxProvision': 336000000.0, 'totalOperatingIncomeAsReported': -2534000000.0, 'taxEffectOfUnusualItems': -7200000.0, 'reconciledDepreciation': 1950000000.0, 'interestExpenseNonOperating': 2545000000.0, 'operatingRevenue': 70538000000.0, 'researchAndDevelopment': 2960000000.0, 'operatingExpense': 7588000000.0, 'sellingGeneralAndAdministration': 4628000000.0, 'gainOnSaleOfSecurity': -23000000.0, 'dilutedNIAvailtoComStockholders': -4130000000.0, 'costOfRevenue': 65466000000.0, 'normalizedIncome': -4119200000.0, 'totalUnusualItems': -18000000.0, 'netIncomeContinuousOperations': -4236000000.0}}], 'HON': [{'2022-12-31': {'taxEffectOfUnusualItems': 0.0, 'netIncomeFromContinuingOperationNetMinorityInterest': 4966000000.0, 'reconciledDepreciation': 1204000000.0, 'netIncomeContinuousOperations': 4967000000.0, 'basicEPS': 7.33, 'otherSpecialCharges': 90000000.0, 'normalizedEBITDA': 7997000000.0, 'sellingGeneralAndAdministration': 5214000000.0, 'otherNonOperatingIncomeExpenses': 366000000.0, 'totalUnusualItemsExcludingGoodwill': -458000000.0, 'netIncomeIncludingNoncontrollingInterests': 4967000000.0, 'operatingExpense': 5214000000.0, 'operatingRevenue': 35466000000.0, 'earningsFromEquityInterest': 61000000.0, 'restructuringAndMergernAcquisition': 342000000.0, 'interestExpense': 414000000.0, 'dilutedNIAvailtoComStockholders': 4966000000.0, 'interestIncome': 138000000.0, 'specialIncomeCharges': -410000000.0, 'netIncome': 4966000000.0, 'costOfRevenue': 23825000000.0, 'normalizedIncome': 4966000000.0, 'netIncomeCommonStockholders': 4966000000.0, 'ebit': 6793000000.0, 'netNonOperatingInterestIncomeExpense': -276000000.0, 'totalUnusualItems': -458000000.0, 'grossProfit': 11641000000.0, 'netInterestIncome': -276000000.0, 'reconciledCostOfRevenue': 23825000000.0, 'gainOnSaleOfSecurity': -48000000.0, 'eBITDA': 7997000000.0, 'totalExpenses': 29039000000.0, 'taxRateForCalcs': 0.221351, 'minorityInterests': -1000000.0, 'gainOnSaleOfBusiness': 22000000.0, 'interestIncomeNonOperating': 138000000.0, 'totalRevenue': 35466000000.0, 'pretaxIncome': 6379000000.0, 'dilutedAverageShares': 683100000.0, 'interestExpenseNonOperating': 414000000.0, 'taxProvision': 1412000000.0, 'operatingIncome': 6427000000.0, 'otherIncomeExpense': 366000000.0, 'dilutedEPS': 7.27, 'netIncomeFromContinuingAndDiscontinuedOperation': 4966000000.0, 'basicAverageShares': 677100000.0}}, {'2023-03-31': {'taxEffectOfUnusualItems': -97366286.057692, 'netIncomeFromContinuingOperationNetMinorityInterest': 5226000000.0, 'netIncomeContinuousOperations': 5241000000.0, 'normalizedEBITDA': 8770000000.0, 'sellingGeneralAndAdministration': 5100000000.0, 'otherNonOperatingIncomeExpenses': 489000000.0, 'totalUnusualItemsExcludingGoodwill': -458000000.0, 'netIncomeIncludingNoncontrollingInterests': 5241000000.0, 'operatingRevenue': 35954000000.0, 'reconciledDepreciation': 1157000000.0, 'interestIncome': 194000000.0, 'netIncome': 5226000000.0, 'costOfRevenue': 23999000000.0, 'earningsFromEquityInterest': 82000000.0, 'operatingExpense': 5107000000.0, 'normalizedIncome': 5586633713.942308, 'ebit': 7155000000.0, 'totalUnusualItems': -458000000.0, 'dilutedNIAvailtoComStockholders': 5226000000.0, 'reconciledCostOfRevenue': 23999000000.0, 'gainOnSaleOfSecurity': -52000000.0, 'netNonOperatingInterestIncomeExpense': -305000000.0, 'eBITDA': 8312000000.0, 'totalExpenses': 29106000000.0, 'taxRateForCalcs': 0.21259, 'minorityInterests': -15000000.0, 'netInterestIncome': -305000000.0, 'specialIncomeCharges': -406000000.0, 'grossProfit': 11955000000.0, 'interestIncomeNonOperating': 194000000.0, 'netIncomeCommonStockholders': 5226000000.0, 'pretaxIncome': 6656000000.0, 'interestExpense': 499000000.0, 'interestExpenseNonOperating': 499000000.0, 'operatingIncome': 6848000000.0, 'otherIncomeExpense': 113000000.0, 'totalRevenue': 35954000000.0, 'netIncomeFromContinuingAndDiscontinuedOperation': 5226000000.0, 'taxProvision': 1415000000.0}}, {'2019-12-31': {'netIncomeFromContinuingOperationNetMinorityInterest': 6143000000.0, 'reconciledDepreciation': 1088000000.0, 'basicEPS': 8.52, 'taxEffectOfUnusualItems': 0.0, 'operatingExpense': 5519000000.0, 'netIncomeContinuousOperations': 6230000000.0, 'earningsFromEquityInterest': 52000000.0, 'interestExpense': 357000000.0, 'dilutedNIAvailtoComStockholders': 6143000000.0, 'specialIncomeCharges': -1000000.0, 'operatingRevenue': 36709000000.0, 'netIncomeCommonStockholders': 6143000000.0, 'netIncomeIncludingNoncontrollingInterests': 6230000000.0, 'normalizedEBITDA': 9004000000.0, 'interestIncome': 255000000.0, 'netNonOperatingInterestIncomeExpense': -357000000.0, 'grossProfit': 12370000000.0, 'otherNonOperatingIncomeExpenses': 1065000000.0, 'netInterestIncome': -357000000.0, 'gainOnSaleOfSecurity': 120000000.0, 'taxRateForCalcs': 0.175817, 'minorityInterests': -87000000.0, 'reconciledCostOfRevenue': 24339000000.0, 'totalRevenue': 36709000000.0, 'normalizedIncome': 6143000000.0, 'totalUnusualItems': 119000000.0, 'ebit': 7916000000.0, 'dilutedAverageShares': 730300000.0, 'pretaxIncome': 7559000000.0, 'taxProvision': 1329000000.0, 'costOfRevenue': 24339000000.0, 'interestIncomeNonOperating': 255000000.0, 'netIncome': 6143000000.0, 'dilutedEPS': 8.41, 'gainOnSaleOfBusiness': -1000000.0, 'netIncomeFromContinuingAndDiscontinuedOperation': 6143000000.0, 'operatingIncome': 6851000000.0, 'totalUnusualItemsExcludingGoodwill': 119000000.0, 'otherIncomeExpense': 1065000000.0, 'basicAverageShares': 721000000.0, 'totalExpenses': 29858000000.0, 'interestExpenseNonOperating': 357000000.0, 'sellingGeneralAndAdministration': 5519000000.0}}, {'2020-12-31': {'netIncomeFromContinuingOperationNetMinorityInterest': 4779000000.0, 'reconciledDepreciation': 1002000000.0, 'basicEPS': 6.79, 'taxEffectOfUnusualItems': 0.0, 'operatingExpense': 4772000000.0, 'netIncomeContinuousOperations': 4865000000.0, 'earningsFromEquityInterest': 66000000.0, 'interestExpense': 359000000.0, 'dilutedNIAvailtoComStockholders': 4779000000.0, 'specialIncomeCharges': -3000000.0, 'operatingRevenue': 32637000000.0, 'netIncomeCommonStockholders': 4779000000.0, 'netIncomeIncludingNoncontrollingInterests': 4865000000.0, 'normalizedEBITDA': 7373000000.0, 'interestIncome': 107000000.0, 'netNonOperatingInterestIncomeExpense': -359000000.0, 'grossProfit': 10468000000.0, 'otherNonOperatingIncomeExpenses': 675000000.0, 'netInterestIncome': -359000000.0, 'gainOnSaleOfSecurity': 68000000.0, 'taxRateForCalcs': 0.190785, 'minorityInterests': -86000000.0, 'reconciledCostOfRevenue': 22169000000.0, 'totalRevenue': 32637000000.0, 'normalizedIncome': 4779000000.0, 'totalUnusualItems': 65000000.0, 'ebit': 6371000000.0, 'dilutedAverageShares': 711200000.0, 'pretaxIncome': 6012000000.0, 'taxProvision': 1147000000.0, 'costOfRevenue': 22169000000.0, 'interestIncomeNonOperating': 107000000.0, 'netIncome': 4779000000.0, 'dilutedEPS': 6.72, 'gainOnSaleOfBusiness': -3000000.0, 'netIncomeFromContinuingAndDiscontinuedOperation': 4779000000.0, 'operatingIncome': 5696000000.0, 'totalUnusualItemsExcludingGoodwill': 65000000.0, 'otherIncomeExpense': 675000000.0, 'basicAverageShares': 704100000.0, 'totalExpenses': 26941000000.0, 'interestExpenseNonOperating': 359000000.0, 'sellingGeneralAndAdministration': 4772000000.0}}, {'2021-12-31': {'netIncomeFromContinuingOperationNetMinorityInterest': 5542000000.0, 'reconciledDepreciation': 1223000000.0, 'basicEPS': 8.01, 'taxEffectOfUnusualItems': 0.0, 'operatingExpense': 4798000000.0, 'netIncomeContinuousOperations': 5610000000.0, 'earningsFromEquityInterest': 67000000.0, 'interestExpense': 343000000.0, 'dilutedNIAvailtoComStockholders': 5542000000.0, 'specialIncomeCharges': -58000000.0, 'operatingRevenue': 34392000000.0, 'netIncomeCommonStockholders': 5542000000.0, 'otherSpecialCharges': 160000000.0, 'netIncomeIncludingNoncontrollingInterests': 5610000000.0, 'normalizedEBITDA': 8801000000.0, 'interestIncome': 102000000.0, 'netNonOperatingInterestIncomeExpense': -343000000.0, 'grossProfit': 10998000000.0, 'otherNonOperatingIncomeExpenses': 1378000000.0, 'netInterestIncome': -343000000.0, 'gainOnSaleOfSecurity': -25000000.0, 'taxRateForCalcs': 0.224603, 'minorityInterests': -68000000.0, 'reconciledCostOfRevenue': 23394000000.0, 'totalRevenue': 34392000000.0, 'normalizedIncome': 5542000000.0, 'totalUnusualItems': -83000000.0, 'ebit': 7578000000.0, 'dilutedAverageShares': 700400000.0, 'pretaxIncome': 7235000000.0, 'taxProvision': 1625000000.0, 'costOfRevenue': 23394000000.0, 'interestIncomeNonOperating': 102000000.0, 'netIncome': 5542000000.0, 'dilutedEPS': 7.91, 'gainOnSaleOfBusiness': 102000000.0, 'netIncomeFromContinuingAndDiscontinuedOperation': 5542000000.0, 'operatingIncome': 6200000000.0, 'totalUnusualItemsExcludingGoodwill': -83000000.0, 'otherIncomeExpense': 1378000000.0, 'basicAverageShares': 692300000.0, 'totalExpenses': 28192000000.0, 'interestExpenseNonOperating': 343000000.0, 'sellingGeneralAndAdministration': 4798000000.0}}], 'INTC': [{'2019-12-31': {'amortizationOfIntangiblesIncomeStatement': 200000000.0, 'grossProfit': 42140000000.0, 'normalizedIncome': 21391875000.0, 'operatingIncome': 22428000000.0, 'netInterestIncome': 484000000.0, 'totalRevenue': 71965000000.0, 'otherIncomeExpense': 1146000000.0, 'reconciledCostOfRevenue': 19199000000.0, 'gainOnSaleOfSecurity': 1661000000.0, 'taxProvision': 3010000000.0, 'interestIncomeNonOperating': 483000000.0, 'earningsFromEquityInterest': 1539000000.0, 'ebit': 22428000000.0, 'netIncome': 21048000000.0, 'totalUnusualItems': -393000000.0, 'totalUnusualItemsExcludingGoodwill': -393000000.0, 'costOfRevenue': 29825000000.0, 'totalExpenses': 49537000000.0, 'interestExpenseNonOperating': 489000000.0, 'dilutedAverageShares': 4473000000.0, 'dilutedEPS': 4.71, 'pretaxIncome': 24058000000.0, 'normalizedEBITDA': 33647000000.0, 'restructuringAndMergernAcquisition': 393000000.0, 'otherNonOperatingIncomeExpenses': 490000000.0, 'totalOtherFinanceCost': -484000000.0, 'sellingGeneralAndAdministration': 6150000000.0, 'netIncomeFromContinuingAndDiscontinuedOperation': 21048000000.0, 'operatingExpense': 19712000000.0, 'interestIncome': 483000000.0, 'taxEffectOfUnusualItems': -49125000.0, 'totalOperatingIncomeAsReported': 22035000000.0, 'netIncomeContinuousOperations': 21048000000.0, 'dilutedNIAvailtoComStockholders': 21048000000.0, 'basicAverageShares': 4417000000.0, 'depreciationAndAmortizationInIncomeStatement': 200000000.0, 'specialIncomeCharges': -393000000.0, 'netIncomeIncludingNoncontrollingInterests': 21048000000.0, 'amortization': 200000000.0, 'operatingRevenue': 71965000000.0, 'writeOff': 122000000.0, 'netNonOperatingInterestIncomeExpense': 484000000.0, 'basicEPS': 4.77, 'researchAndDevelopment': 13362000000.0, 'netIncomeFromContinuingOperationNetMinorityInterest': 21048000000.0, 'taxRateForCalcs': 0.125, 'depreciationAmortizationDepletionIncomeStatement': 200000000.0, 'interestExpense': 489000000.0, 'netIncomeCommonStockholders': 21048000000.0, 'reconciledDepreciation': 10826000000.0}}, {'2022-12-31': {'netInterestIncome': 1166000000.0, 'grossProfit': 26866000000.0, 'minorityInterests': -3000000.0, 'normalizedIncome': 5454400000.0, 'operatingIncome': 2336000000.0, 'eBITDA': 21299000000.0, 'totalRevenue': 63054000000.0, 'otherIncomeExpense': 4266000000.0, 'netIncomeCommonStockholders': 8014000000.0, 'taxRateForCalcs': 0.4, 'reconciledCostOfRevenue': 36188000000.0, 'costOfRevenue': 36188000000.0, 'interestIncomeNonOperating': 1166000000.0, 'specialIncomeCharges': -2000000.0, 'gainOnSaleOfSecurity': 4458000000.0, 'taxProvision': -249000000.0, 'ebit': 8264000000.0, 'netIncome': 8014000000.0, 'totalUnusualItems': 4266000000.0, 'totalUnusualItemsExcludingGoodwill': 4266000000.0, 'interestExpenseNonOperating': 496000000.0, 'totalExpenses': 60718000000.0, 'netIncomeFromContinuingAndDiscontinuedOperation': 8014000000.0, 'dilutedAverageShares': 4123000000.0, 'dilutedEPS': 1.94, 'pretaxIncome': 7768000000.0, 'normalizedEBITDA': 17033000000.0, 'restructuringAndMergernAcquisition': 1038000000.0, 'reconciledDepreciation': 13035000000.0, 'totalOtherFinanceCost': -1073000000.0, 'sellingGeneralAndAdministration': 7002000000.0, 'operatingExpense': 24530000000.0, 'netIncomeContinuousOperations': 8017000000.0, 'interestIncome': 589000000.0, 'taxEffectOfUnusualItems': 1706400000.0, 'totalOperatingIncomeAsReported': 2334000000.0, 'netIncomeFromContinuingOperationNetMinorityInterest': 8014000000.0, 'interestExpense': 496000000.0, 'dilutedNIAvailtoComStockholders': 8014000000.0, 'basicAverageShares': 4108000000.0, 'netIncomeIncludingNoncontrollingInterests': 8017000000.0, 'operatingRevenue': 63054000000.0, 'writeOff': 341000000.0, 'researchAndDevelopment': 17528000000.0, 'netNonOperatingInterestIncomeExpense': 1166000000.0, 'basicEPS': 1.95, 'otherSpecialCharges': -1187000000.0}}, {'2023-03-31': {'netInterestIncome': 310000000.0, 'grossProfit': 21630000000.0, 'eBITDA': 9567000000.0, 'normalizedIncome': -1765281874.795149, 'netIncomeCommonStockholders': -2857000000.0, 'taxRateForCalcs': 0.061291, 'totalRevenue': 56416000000.0, 'costOfRevenue': 34786000000.0, 'interestIncomeNonOperating': 876000000.0, 'specialIncomeCharges': -1480000000.0, 'taxProvision': -187000000.0, 'totalUnusualItemsExcludingGoodwill': -1163000000.0, 'interestExpenseNonOperating': 565000000.0, 'operatingIncome': -2198000000.0, 'totalExpenses': 58614000000.0, 'netIncomeFromContinuingAndDiscontinuedOperation': -2857000000.0, 'otherIncomeExpense': -1163000000.0, 'reconciledCostOfRevenue': 34786000000.0, 'minorityInterests': 7000000.0, 'reconciledDepreciation': 12053000000.0, 'restructuringAndMergernAcquisition': 994000000.0, 'operatingExpense': 23828000000.0, 'sellingGeneralAndAdministration': 6553000000.0, 'normalizedEBITDA': 10730000000.0, 'netIncomeContinuousOperations': -2864000000.0, 'netIncomeFromContinuingOperationNetMinorityInterest': -2857000000.0, 'interestExpense': 565000000.0, 'pretaxIncome': -3051000000.0, 'netIncome': -2857000000.0, 'totalUnusualItems': -1163000000.0, 'dilutedNIAvailtoComStockholders': -2857000000.0, 'ebit': -2486000000.0, 'writeOff': 380000000.0, 'netIncomeIncludingNoncontrollingInterests': -2864000000.0, 'researchAndDevelopment': 17275000000.0, 'operatingRevenue': 56416000000.0, 'interestIncome': 876000000.0, 'netNonOperatingInterestIncomeExpense': 310000000.0, 'totalOperatingIncomeAsReported': -3475000000.0, 'otherSpecialCharges': 106000000.0, 'taxEffectOfUnusualItems': -71281874.795149, 'gainOnSaleOfSecurity': 317000000.0}}, {'2020-12-31': {'grossProfit': 43612000000.0, 'normalizedIncome': 21064005263.577637, 'operatingIncome': 23876000000.0, 'netInterestIncome': -504000000.0, 'totalRevenue': 77867000000.0, 'otherIncomeExpense': 1706000000.0, 'reconciledCostOfRevenue': 34255000000.0, 'gainOnSaleOfSecurity': 2207000000.0, 'taxProvision': 4179000000.0, 'interestIncomeNonOperating': 272000000.0, 'earningsFromEquityInterest': 1904000000.0, 'ebit': 25582000000.0, 'netIncome': 20899000000.0, 'totalUnusualItems': -198000000.0, 'totalUnusualItemsExcludingGoodwill': -198000000.0, 'costOfRevenue': 34255000000.0, 'totalExpenses': 53991000000.0, 'interestExpenseNonOperating': 504000000.0, 'dilutedAverageShares': 4232000000.0, 'dilutedEPS': 4.94, 'pretaxIncome': 25078000000.0, 'normalizedEBITDA': 38019000000.0, 'restructuringAndMergernAcquisition': 198000000.0, 'otherNonOperatingIncomeExpenses': -147000000.0, 'totalOtherFinanceCost': 147000000.0, 'sellingGeneralAndAdministration': 6180000000.0, 'netIncomeFromContinuingAndDiscontinuedOperation': 20899000000.0, 'operatingExpense': 19736000000.0, 'interestIncome': 272000000.0, 'taxEffectOfUnusualItems': -32994736.422362, 'totalOperatingIncomeAsReported': 23678000000.0, 'netIncomeContinuousOperations': 20899000000.0, 'dilutedNIAvailtoComStockholders': 20899000000.0, 'basicAverageShares': 4199000000.0, 'specialIncomeCharges': -198000000.0, 'netIncomeIncludingNoncontrollingInterests': 20899000000.0, 'operatingRevenue': 77867000000.0, 'writeOff': 303000000.0, 'netNonOperatingInterestIncomeExpense': -504000000.0, 'basicEPS': 4.98, 'researchAndDevelopment': 13556000000.0, 'netIncomeFromContinuingOperationNetMinorityInterest': 20899000000.0, 'taxRateForCalcs': 0.16664, 'interestExpense': 504000000.0, 'netIncomeCommonStockholders': 20899000000.0, 'reconciledDepreciation': 12239000000.0}}, {'2021-12-31': {'grossProfit': 43815000000.0, 'normalizedIncome': 22270790000.0, 'operatingIncome': 22082000000.0, 'netInterestIncome': -482000000.0, 'totalRevenue': 79024000000.0, 'otherIncomeExpense': 103000000.0, 'reconciledCostOfRevenue': 35209000000.0, 'gainOnSaleOfSecurity': 2883000000.0, 'taxProvision': 1835000000.0, 'interestIncomeNonOperating': 144000000.0, 'earningsFromEquityInterest': 2729000000.0, 'ebit': 22082000000.0, 'netIncome': 19868000000.0, 'totalUnusualItems': -2626000000.0, 'totalUnusualItemsExcludingGoodwill': -2626000000.0, 'costOfRevenue': 35209000000.0, 'totalExpenses': 56942000000.0, 'interestExpenseNonOperating': 597000000.0, 'dilutedAverageShares': 4090000000.0, 'dilutedEPS': 4.86, 'pretaxIncome': 21703000000.0, 'normalizedEBITDA': 36500000000.0, 'restructuringAndMergernAcquisition': 2626000000.0, 'totalOtherFinanceCost': 482000000.0, 'sellingGeneralAndAdministration': 6543000000.0, 'netIncomeFromContinuingAndDiscontinuedOperation': 19868000000.0, 'operatingExpense': 21733000000.0, 'interestIncome': 144000000.0, 'taxEffectOfUnusualItems': -223210000.0, 'totalOperatingIncomeAsReported': 19456000000.0, 'netIncomeContinuousOperations': 19868000000.0, 'dilutedNIAvailtoComStockholders': 19868000000.0, 'basicAverageShares': 4059000000.0, 'specialIncomeCharges': -2626000000.0, 'netIncomeIncludingNoncontrollingInterests': 19868000000.0, 'operatingRevenue': 79024000000.0, 'writeOff': 441000000.0, 'netNonOperatingInterestIncomeExpense': -482000000.0, 'basicEPS': 4.89, 'otherSpecialCharges': 2291000000.0, 'researchAndDevelopment': 15190000000.0, 'netIncomeFromContinuingOperationNetMinorityInterest': 19868000000.0, 'taxRateForCalcs': 0.085, 'interestExpense': 597000000.0, 'netIncomeCommonStockholders': 19868000000.0, 'reconciledDepreciation': 11792000000.0}}], 'AAPL': [{'2019-09-30': {'netIncomeContinuousOperations': 55256000000.0, 'taxEffectOfUnusualItems': 0.0, 'netIncomeFromContinuingOperationNetMinorityInterest': 55256000000.0, 'totalOperatingIncomeAsReported': 63930000000.0, 'basicAverageShares': 18471336000.0, 'reconciledDepreciation': 12547000000.0, 'operatingExpense': 34462000000.0, 'totalRevenue': 260174000000.0, 'researchAndDevelopment': 16217000000.0, 'interestExpense': 3576000000.0, 'dilutedNIAvailtoComStockholders': 55256000000.0, 'netIncomeIncludingNoncontrollingInterests': 55256000000.0, 'normalizedEBITDA': 76477000000.0, 'basicEPS': 2.9925, 'grossProfit': 98392000000.0, 'otherNonOperatingIncomeExpenses': 1807000000.0, 'operatingRevenue': 260174000000.0, 'interestIncome': 4961000000.0, 'netNonOperatingInterestIncomeExpense': 1385000000.0, 'reconciledCostOfRevenue': 161782000000.0, 'taxRateForCalcs': 0.159438, 'netIncomeCommonStockholders': 55256000000.0, 'dilutedAverageShares': 18595652000.0, 'netIncome': 55256000000.0, 'ebit': 63930000000.0, 'normalizedIncome': 55256000000.0, 'costOfRevenue': 161782000000.0, 'pretaxIncome': 65737000000.0, 'taxProvision': 10481000000.0, 'interestIncomeNonOperating': 4961000000.0, 'sellingGeneralAndAdministration': 18245000000.0, 'otherIncomeExpense': 1807000000.0, 'operatingIncome': 63930000000.0, 'netIncomeFromContinuingAndDiscontinuedOperation': 55256000000.0, 'netInterestIncome': 1385000000.0, 'totalExpenses': 196244000000.0, 'interestExpenseNonOperating': 3576000000.0, 'dilutedEPS': 2.9725}}, {'2020-09-30': {'netIncomeContinuousOperations': 57411000000.0, 'taxEffectOfUnusualItems': 0.0, 'netIncomeFromContinuingOperationNetMinorityInterest': 57411000000.0, 'totalOperatingIncomeAsReported': 66288000000.0, 'basicAverageShares': 17352119000.0, 'reconciledDepreciation': 11056000000.0, 'operatingExpense': 38668000000.0, 'totalRevenue': 274515000000.0, 'researchAndDevelopment': 18752000000.0, 'interestExpense': 2873000000.0, 'dilutedNIAvailtoComStockholders': 57411000000.0, 'netIncomeIncludingNoncontrollingInterests': 57411000000.0, 'normalizedEBITDA': 77344000000.0, 'basicEPS': 3.31, 'grossProfit': 104956000000.0, 'otherNonOperatingIncomeExpenses': 803000000.0, 'operatingRevenue': 274515000000.0, 'interestIncome': 3763000000.0, 'netNonOperatingInterestIncomeExpense': 890000000.0, 'reconciledCostOfRevenue': 169559000000.0, 'taxRateForCalcs': 0.144282, 'netIncomeCommonStockholders': 57411000000.0, 'dilutedAverageShares': 17528214000.0, 'netIncome': 57411000000.0, 'ebit': 66288000000.0, 'normalizedIncome': 57411000000.0, 'costOfRevenue': 169559000000.0, 'pretaxIncome': 67091000000.0, 'taxProvision': 9680000000.0, 'interestIncomeNonOperating': 3763000000.0, 'sellingGeneralAndAdministration': 19916000000.0, 'otherIncomeExpense': 803000000.0, 'operatingIncome': 66288000000.0, 'netIncomeFromContinuingAndDiscontinuedOperation': 57411000000.0, 'netInterestIncome': 890000000.0, 'totalExpenses': 208227000000.0, 'interestExpenseNonOperating': 2873000000.0, 'dilutedEPS': 3.28}}, {'2021-09-30': {'netIncomeContinuousOperations': 94680000000.0, 'taxEffectOfUnusualItems': 0.0, 'netIncomeFromContinuingOperationNetMinorityInterest': 94680000000.0, 'totalOperatingIncomeAsReported': 108949000000.0, 'basicAverageShares': 16701272000.0, 'reconciledDepreciation': 11284000000.0, 'operatingExpense': 43887000000.0, 'totalRevenue': 365817000000.0, 'researchAndDevelopment': 21914000000.0, 'interestExpense': 2645000000.0, 'dilutedNIAvailtoComStockholders': 94680000000.0, 'netIncomeIncludingNoncontrollingInterests': 94680000000.0, 'normalizedEBITDA': 120233000000.0, 'basicEPS': 5.67, 'grossProfit': 152836000000.0, 'otherNonOperatingIncomeExpenses': 258000000.0, 'operatingRevenue': 365817000000.0, 'interestIncome': 2843000000.0, 'netNonOperatingInterestIncomeExpense': 198000000.0, 'reconciledCostOfRevenue': 212981000000.0, 'taxRateForCalcs': 0.133023, 'netIncomeCommonStockholders': 94680000000.0, 'dilutedAverageShares': 16864919000.0, 'netIncome': 94680000000.0, 'ebit': 108949000000.0, 'normalizedIncome': 94680000000.0, 'costOfRevenue': 212981000000.0, 'pretaxIncome': 109207000000.0, 'taxProvision': 14527000000.0, 'interestIncomeNonOperating': 2843000000.0, 'sellingGeneralAndAdministration': 21973000000.0, 'otherIncomeExpense': 258000000.0, 'operatingIncome': 108949000000.0, 'netIncomeFromContinuingAndDiscontinuedOperation': 94680000000.0, 'netInterestIncome': 198000000.0, 'totalExpenses': 256868000000.0, 'interestExpenseNonOperating': 2645000000.0, 'dilutedEPS': 5.61}}, {'2022-09-30': {'netIncomeContinuousOperations': 99803000000.0, 'taxEffectOfUnusualItems': 0.0, 'netIncomeFromContinuingOperationNetMinorityInterest': 99803000000.0, 'totalOperatingIncomeAsReported': 119437000000.0, 'basicAverageShares': 16215963000.0, 'reconciledDepreciation': 11104000000.0, 'operatingExpense': 51345000000.0, 'totalRevenue': 394328000000.0, 'researchAndDevelopment': 26251000000.0, 'interestExpense': 2931000000.0, 'dilutedNIAvailtoComStockholders': 99803000000.0, 'netIncomeIncludingNoncontrollingInterests': 99803000000.0, 'normalizedEBITDA': 130541000000.0, 'basicEPS': 6.15, 'grossProfit': 170782000000.0, 'otherNonOperatingIncomeExpenses': -334000000.0, 'operatingRevenue': 394328000000.0, 'interestIncome': 2825000000.0, 'netNonOperatingInterestIncomeExpense': -106000000.0, 'reconciledCostOfRevenue': 223546000000.0, 'taxRateForCalcs': 0.162045, 'netIncomeCommonStockholders': 99803000000.0, 'dilutedAverageShares': 16325819000.0, 'netIncome': 99803000000.0, 'ebit': 119437000000.0, 'normalizedIncome': 99803000000.0, 'costOfRevenue': 223546000000.0, 'pretaxIncome': 119103000000.0, 'taxProvision': 19300000000.0, 'interestIncomeNonOperating': 2825000000.0, 'sellingGeneralAndAdministration': 25094000000.0, 'otherIncomeExpense': -334000000.0, 'operatingIncome': 119437000000.0, 'netIncomeFromContinuingAndDiscontinuedOperation': 99803000000.0, 'netInterestIncome': -106000000.0, 'totalExpenses': 274891000000.0, 'interestExpenseNonOperating': 2931000000.0, 'dilutedEPS': 6.11}}, {'2022-12-31': {'totalOperatingIncomeAsReported': 113965000000.0, 'netIncomeFromContinuingOperationNetMinorityInterest': 95171000000.0, 'taxEffectOfUnusualItems': 0.0, 'reconciledDepreciation': 11323000000.0, 'normalizedEBITDA': 128048000000.0, 'operatingRevenue': 387537000000.0, 'netIncomeIncludingNoncontrollingInterests': 95171000000.0, 'sellingGeneralAndAdministration': 25252000000.0, 'otherNonOperatingIncomeExpenses': -283000000.0, 'interestIncome': 3043000000.0, 'researchAndDevelopment': 27654000000.0, 'costOfRevenue': 220666000000.0, 'dilutedNIAvailtoComStockholders': 95171000000.0, 'netIncome': 95171000000.0, 'ebit': 116725000000.0, 'operatingExpense': 52906000000.0, 'netIncomeContinuousOperations': 95171000000.0, 'normalizedIncome': 95171000000.0, 'netIncomeCommonStockholders': 95171000000.0, 'taxRateForCalcs': 0.161378, 'netNonOperatingInterestIncomeExpense': -197000000.0, 'totalExpenses': 273572000000.0, 'reconciledCostOfRevenue': 220666000000.0, 'pretaxIncome': 113485000000.0, 'netInterestIncome': -197000000.0, 'interestIncomeNonOperating': 3043000000.0, 'grossProfit': 166871000000.0, 'eBITDA': 128048000000.0, 'interestExpenseNonOperating': 3240000000.0, 'operatingIncome': 113965000000.0, 'netIncomeFromContinuingAndDiscontinuedOperation': 95171000000.0, 'otherIncomeExpense': -283000000.0, 'totalRevenue': 387537000000.0, 'interestExpense': 3240000000.0, 'taxProvision': 18314000000.0}}, {'2023-03-31': {'totalOperatingIncomeAsReported': 112304000000.0, 'netIncomeFromContinuingOperationNetMinorityInterest': 94321000000.0, 'taxEffectOfUnusualItems': 0.0, 'reconciledDepreciation': 11484000000.0, 'normalizedEBITDA': 126691000000.0, 'operatingRevenue': 385095000000.0, 'netIncomeIncludingNoncontrollingInterests': 94321000000.0, 'sellingGeneralAndAdministration': 25260000000.0, 'otherNonOperatingIncomeExpenses': -358000000.0, 'interestIncome': 3261000000.0, 'researchAndDevelopment': 28724000000.0, 'costOfRevenue': 218807000000.0, 'dilutedNIAvailtoComStockholders': 94321000000.0, 'netIncome': 94321000000.0, 'ebit': 115207000000.0, 'operatingExpense': 53984000000.0, 'netIncomeContinuousOperations': 94321000000.0, 'normalizedIncome': 94321000000.0, 'netIncomeCommonStockholders': 94321000000.0, 'taxRateForCalcs': 0.155798, 'netNonOperatingInterestIncomeExpense': -218000000.0, 'totalExpenses': 272791000000.0, 'reconciledCostOfRevenue': 218807000000.0, 'pretaxIncome': 111728000000.0, 'netInterestIncome': -218000000.0, 'interestIncomeNonOperating': 3261000000.0, 'grossProfit': 166288000000.0, 'eBITDA': 126691000000.0, 'interestExpenseNonOperating': 3479000000.0, 'operatingIncome': 112304000000.0, 'netIncomeFromContinuingAndDiscontinuedOperation': 94321000000.0, 'otherIncomeExpense': -358000000.0, 'totalRevenue': 385095000000.0, 'interestExpense': 3479000000.0, 'taxProvision': 17407000000.0}}], 'AMGN': [{'2022-12-31': {'otherOperatingExpenses': 503000000.0, 'netIncomeCommonStockholders': 6552000000.0, 'ebit': 8752000000.0, 'netNonOperatingInterestIncomeExpense': -1406000000.0, 'totalExpenses': 16757000000.0, 'taxRateForCalcs': 0.108, 'totalUnusualItems': 0.0, 'dilutedNIAvailtoComStockholders': 6552000000.0, 'pretaxIncome': 7346000000.0, 'specialIncomeCharges': 0.0, 'eBITDA': 12169000000.0, 'netInterestIncome': -1406000000.0, 'dilutedEPS': 12.11, 'interestExpense': 1406000000.0, 'reconciledCostOfRevenue': 6406000000.0, 'netIncome': 6552000000.0, 'operatingIncome': 9566000000.0, 'otherIncomeExpense': -814000000.0, 'basicAverageShares': 538000000.0, 'normalizedEBITDA': 8752000000.0, 'netIncomeFromContinuingAndDiscontinuedOperation': 6552000000.0, 'otherNonOperatingIncomeExpenses': -814000000.0, 'interestExpenseNonOperating': 1406000000.0, 'grossProfit': 19917000000.0, 'sellingGeneralAndAdministration': 5414000000.0, 'reconciledDepreciation': 3417000000.0, 'netIncomeFromContinuingOperationNetMinorityInterest': 6552000000.0, 'taxProvision': 794000000.0, 'totalRevenue': 26323000000.0, 'totalUnusualItemsExcludingGoodwill': 0.0, 'operatingRevenue': 24801000000.0, 'netIncomeIncludingNoncontrollingInterests': 6552000000.0, 'taxEffectOfUnusualItems': 0.0, 'netIncomeContinuousOperations': 6552000000.0, 'basicEPS': 12.18, 'costOfRevenue': 6406000000.0, 'researchAndDevelopment': 4434000000.0, 'totalOperatingIncomeAsReported': 9566000000.0, 'operatingExpense': 10351000000.0, 'normalizedIncome': 6552000000.0, 'dilutedAverageShares': 541000000.0}}, {'2023-03-31': {'otherOperatingExpenses': 661000000.0, 'ebit': 10767000000.0, 'taxRateForCalcs': 0.131241, 'totalUnusualItems': 0.0, 'dilutedNIAvailtoComStockholders': 7917000000.0, 'netIncomeCommonStockholders': 7917000000.0, 'pretaxIncome': 9113000000.0, 'eBITDA': 14243000000.0, 'netInterestIncome': -1654000000.0, 'reconciledCostOfRevenue': 6565000000.0, 'totalExpenses': 17203000000.0, 'netNonOperatingInterestIncomeExpense': -1654000000.0, 'normalizedEBITDA': 14243000000.0, 'netIncomeFromContinuingAndDiscontinuedOperation': 7917000000.0, 'otherNonOperatingIncomeExpenses': 1780000000.0, 'grossProfit': 19625000000.0, 'reconciledDepreciation': 3476000000.0, 'netIncomeFromContinuingOperationNetMinorityInterest': 7917000000.0, 'interestExpense': 1654000000.0, 'totalRevenue': 26190000000.0, 'totalUnusualItemsExcludingGoodwill': 0.0, 'netIncomeIncludingNoncontrollingInterests': 7917000000.0, 'operatingRevenue': 24916000000.0, 'taxEffectOfUnusualItems': 0.0, 'taxProvision': 1196000000.0, 'interestExpenseNonOperating': 1654000000.0, 'operatingIncome': 8987000000.0, 'researchAndDevelopment': 4533000000.0, 'totalOperatingIncomeAsReported': 8987000000.0, 'otherIncomeExpense': 1780000000.0, 'operatingExpense': 10638000000.0, 'normalizedIncome': 7917000000.0, 'sellingGeneralAndAdministration': 5444000000.0, 'netIncome': 7917000000.0, 'netIncomeContinuousOperations': 7917000000.0, 'costOfRevenue': 6565000000.0}}, {'2019-12-31': {'netIncomeCommonStockholders': 7842000000.0, 'netNonOperatingInterestIncomeExpense': -536000000.0, 'totalExpenses': 13688000000.0, 'interestIncomeNonOperating': 753000000.0, 'otherOperatingExpenses': 66000000.0, 'ebit': 10427000000.0, 'dilutedEPS': 12.88, 'interestExpense': 1289000000.0, 'pretaxIncome': 9138000000.0, 'netIncome': 7842000000.0, 'taxRateForCalcs': 0.142, 'operatingIncome': 9674000000.0, 'basicAverageShares': 605000000.0, 'interestExpenseNonOperating': 1289000000.0, 'sellingGeneralAndAdministration': 5150000000.0, 'taxProvision': 1296000000.0, 'reconciledCostOfRevenue': 4356000000.0, 'netInterestIncome': -536000000.0, 'netIncomeFromContinuingAndDiscontinuedOperation': 7842000000.0, 'operatingRevenue': 22204000000.0, 'taxEffectOfUnusualItems': 0.0, 'netIncomeContinuousOperations': 7842000000.0, 'netIncomeIncludingNoncontrollingInterests': 7842000000.0, 'basicEPS': 12.96, 'reconciledDepreciation': 2206000000.0, 'costOfRevenue': 4356000000.0, 'totalRevenue': 23362000000.0, 'netIncomeFromContinuingOperationNetMinorityInterest': 7842000000.0, 'researchAndDevelopment': 4116000000.0, 'operatingExpense': 9332000000.0, 'interestIncome': 753000000.0, 'dilutedAverageShares': 609000000.0, 'normalizedEBITDA': 10427000000.0, 'normalizedIncome': 7842000000.0, 'grossProfit': 19006000000.0, 'dilutedNIAvailtoComStockholders': 7842000000.0, 'totalOperatingIncomeAsReported': 9674000000.0}}, {'2020-12-31': {'netIncomeCommonStockholders': 7264000000.0, 'netNonOperatingInterestIncomeExpense': -1006000000.0, 'totalExpenses': 16285000000.0, 'interestIncomeNonOperating': 256000000.0, 'otherOperatingExpenses': 189000000.0, 'ebit': 9395000000.0, 'dilutedEPS': 12.31, 'interestExpense': 1262000000.0, 'pretaxIncome': 8133000000.0, 'netIncome': 7264000000.0, 'taxRateForCalcs': 0.107, 'operatingIncome': 9139000000.0, 'basicAverageShares': 586000000.0, 'interestExpenseNonOperating': 1262000000.0, 'sellingGeneralAndAdministration': 5730000000.0, 'taxProvision': 869000000.0, 'reconciledCostOfRevenue': 6159000000.0, 'netInterestIncome': -1006000000.0, 'netIncomeFromContinuingAndDiscontinuedOperation': 7264000000.0, 'operatingRevenue': 24240000000.0, 'taxEffectOfUnusualItems': 0.0, 'netIncomeContinuousOperations': 7264000000.0, 'netIncomeIncludingNoncontrollingInterests': 7264000000.0, 'basicEPS': 12.4, 'reconciledDepreciation': 3601000000.0, 'costOfRevenue': 6159000000.0, 'totalRevenue': 25424000000.0, 'netIncomeFromContinuingOperationNetMinorityInterest': 7264000000.0, 'researchAndDevelopment': 4207000000.0, 'operatingExpense': 10126000000.0, 'interestIncome': 256000000.0, 'dilutedAverageShares': 590000000.0, 'normalizedEBITDA': 9395000000.0, 'normalizedIncome': 7264000000.0, 'grossProfit': 19265000000.0, 'dilutedNIAvailtoComStockholders': 7264000000.0, 'totalOperatingIncomeAsReported': 9139000000.0}}, {'2021-12-31': {'netIncomeCommonStockholders': 5893000000.0, 'netNonOperatingInterestIncomeExpense': -1197000000.0, 'totalExpenses': 16835000000.0, 'otherOperatingExpenses': 194000000.0, 'totalUnusualItems': -1505000000.0, 'ebit': 7898000000.0, 'dilutedEPS': 10.28, 'interestExpense': 1197000000.0, 'pretaxIncome': 6701000000.0, 'specialIncomeCharges': -1505000000.0, 'netIncome': 5893000000.0, 'taxRateForCalcs': 0.121, 'operatingIncome': 9144000000.0, 'otherIncomeExpense': -1246000000.0, 'basicAverageShares': 570000000.0, 'interestExpenseNonOperating': 1197000000.0, 'sellingGeneralAndAdministration': 5368000000.0, 'taxProvision': 808000000.0, 'reconciledCostOfRevenue': 6454000000.0, 'netInterestIncome': -1197000000.0, 'netIncomeFromContinuingAndDiscontinuedOperation': 5893000000.0, 'operatingRevenue': 24297000000.0, 'otherSpecialCharges': 1505000000.0, 'totalUnusualItemsExcludingGoodwill': -1505000000.0, 'taxEffectOfUnusualItems': -182105000.0, 'netIncomeContinuousOperations': 5893000000.0, 'netIncomeIncludingNoncontrollingInterests': 5893000000.0, 'basicEPS': 10.34, 'reconciledDepreciation': 3398000000.0, 'costOfRevenue': 6454000000.0, 'totalRevenue': 25979000000.0, 'netIncomeFromContinuingOperationNetMinorityInterest': 5893000000.0, 'researchAndDevelopment': 4819000000.0, 'operatingExpense': 10381000000.0, 'dilutedAverageShares': 573000000.0, 'normalizedEBITDA': 9403000000.0, 'otherNonOperatingIncomeExpenses': 259000000.0, 'normalizedIncome': 7215895000.0, 'grossProfit': 19525000000.0, 'dilutedNIAvailtoComStockholders': 5893000000.0, 'totalOperatingIncomeAsReported': 7639000000.0}}], 'GS': [{'2022-12-31': {'totalRevenue': 47365000000.0, 'dilutedEPS': 30.06, 'normalizedIncome': 11261000000.0, 'totalUnusualItemsExcludingGoodwill': -890000000.0, 'taxProvision': 2225000000.0, 'basicAverageShares': 352100000.0, 'gainOnSaleOfSecurity': 0.0, 'operatingRevenue': 47365000000.0, 'sellingAndMarketingExpense': 812000000.0, 'netIncomeIncludingNoncontrollingInterests': 11261000000.0, 'taxEffectOfUnusualItems': -146850000.0, 'netIncomeContinuousOperations': 11261000000.0, 'depreciationAndAmortizationInIncomeStatement': 2455000000.0, 'basicEPS': 30.42, 'netInterestIncome': 7678000000.0, 'otherSpecialCharges': 576000000.0, 'netIncome': 11261000000.0, 'sellingGeneralAndAdministration': 15960000000.0, 'impairmentOfCapitalAssets': 314000000.0, 'dilutedNIAvailtoComStockholders': 10764000000.0, 'pretaxIncome': 13486000000.0, 'totalUnusualItems': -890000000.0, 'interestIncome': 29024000000.0, 'preferredStockDividends': 497000000.0, 'interestExpense': 21346000000.0, 'netIncomeFromContinuingAndDiscontinuedOperation': 11261000000.0, 'generalAndAdministrativeExpense': 15148000000.0, 'specialIncomeCharges': -890000000.0, 'salariesAndWages': 15148000000.0, 'netIncomeCommonStockholders': 10764000000.0, 'depreciationAmortizationDepletionIncomeStatement': 2455000000.0, 'netIncomeFromContinuingOperationNetMinorityInterest': 11261000000.0, 'taxRateForCalcs': 0.165, 'reconciledDepreciation': 2455000000.0, 'dilutedAverageShares': 358100000.0}}, {'2023-03-31': {'totalRevenue': 46656000000.0, 'normalizedIncome': 11537264290.727598, 'taxProvision': 2267000000.0, 'gainOnSaleOfSecurity': 0.0, 'sellingAndMarketingExpense': 822000000.0, 'netIncomeContinuousOperations': 10556000000.0, 'netInterestIncome': 7632000000.0, 'totalUnusualItemsExcludingGoodwill': -1192000000.0, 'netIncome': 10556000000.0, 'sellingGeneralAndAdministration': 15977000000.0, 'pretaxIncome': 12823000000.0, 'interestIncome': 40750000000.0, 'preferredStockDividends': 536000000.0, 'interestExpense': 33118000000.0, 'netIncomeFromContinuingAndDiscontinuedOperation': 10556000000.0, 'totalUnusualItems': -1192000000.0, 'generalAndAdministrativeExpense': 15155000000.0, 'salariesAndWages': 15155000000.0, 'depreciationAndAmortizationInIncomeStatement': 2578000000.0, 'dilutedNIAvailtoComStockholders': 10020000000.0, 'taxEffectOfUnusualItems': -210735709.272401, 'taxRateForCalcs': 0.176792, 'operatingRevenue': 46656000000.0, 'netIncomeFromContinuingOperationNetMinorityInterest': 10556000000.0, 'otherSpecialCharges': 523000000.0, 'specialIncomeCharges': -1192000000.0, 'netIncomeIncludingNoncontrollingInterests': 10556000000.0, 'reconciledDepreciation': 2933000000.0, 'depreciationAmortizationDepletionIncomeStatement': 2578000000.0, 'netIncomeCommonStockholders': 10020000000.0}}, {'2019-12-31': {'totalRevenue': 33294000000.0, 'dilutedEPS': 21.03, 'totalUnusualItemsExcludingGoodwill': -1240000000.0, 'basicAverageShares': 371599996.0, 'operatingRevenue': 33294000000.0, 'netIncomeIncludingNoncontrollingInterests': 8466000000.0, 'gainOnSaleOfSecurity': 0.0, 'taxEffectOfUnusualItems': -248000000.0, 'otherGandA': 1167000000.0, 'netIncomeContinuousOperations': 8466000000.0, 'depreciationAndAmortizationInIncomeStatement': 1704000000.0, 'basicEPS': 21.18, 'otherSpecialCharges': 1240000000.0, 'sellingAndMarketingExpense': 739000000.0, 'dilutedNIAvailtoComStockholders': 7897000000.0, 'normalizedIncome': 9458000000.0, 'totalUnusualItems': -1240000000.0, 'netIncome': 8466000000.0, 'pretaxIncome': 10583000000.0, 'netIncomeFromContinuingAndDiscontinuedOperation': 8466000000.0, 'interestExpense': 17376000000.0, 'specialIncomeCharges': -1240000000.0, 'interestIncome': 21738000000.0, 'netIncomeCommonStockholders': 7897000000.0, 'depreciationAmortizationDepletionIncomeStatement': 1704000000.0, 'sellingGeneralAndAdministration': 13092000000.0, 'netIncomeFromContinuingOperationNetMinorityInterest': 8466000000.0, 'netInterestIncome': 4362000000.0, 'reconciledDepreciation': 1704000000.0, 'taxRateForCalcs': 0.2, 'salariesAndWages': 12353000000.0, 'taxProvision': 2117000000.0, 'generalAndAdministrativeExpense': 12353000000.0, 'preferredStockDividends': 569000000.0, 'dilutedAverageShares': 375499996.0}}, {'2020-12-31': {'totalRevenue': 40419000000.0, 'dilutedEPS': 24.74, 'totalUnusualItemsExcludingGoodwill': -3420000000.0, 'basicAverageShares': 356399996.0, 'operatingRevenue': 40419000000.0, 'netIncomeIncludingNoncontrollingInterests': 9459000000.0, 'gainOnSaleOfSecurity': 0.0, 'taxEffectOfUnusualItems': -827640000.0, 'otherGandA': 1347000000.0, 'netIncomeContinuousOperations': 9459000000.0, 'depreciationAndAmortizationInIncomeStatement': 1902000000.0, 'basicEPS': 24.94, 'otherSpecialCharges': 3420000000.0, 'sellingAndMarketingExpense': 401000000.0, 'dilutedNIAvailtoComStockholders': 8915000000.0, 'normalizedIncome': 12051360000.0, 'totalUnusualItems': -3420000000.0, 'netIncome': 9459000000.0, 'pretaxIncome': 12479000000.0, 'netIncomeFromContinuingAndDiscontinuedOperation': 9459000000.0, 'interestExpense': 8938000000.0, 'impairmentOfCapitalAssets': 171000000.0, 'specialIncomeCharges': -3420000000.0, 'interestIncome': 13689000000.0, 'netIncomeCommonStockholders': 8915000000.0, 'depreciationAmortizationDepletionIncomeStatement': 1902000000.0, 'sellingGeneralAndAdministration': 13710000000.0, 'netIncomeFromContinuingOperationNetMinorityInterest': 9459000000.0, 'netInterestIncome': 4751000000.0, 'reconciledDepreciation': 1902000000.0, 'taxRateForCalcs': 0.242, 'salariesAndWages': 13309000000.0, 'taxProvision': 3020000000.0, 'generalAndAdministrativeExpense': 13309000000.0, 'preferredStockDividends': 544000000.0, 'dilutedAverageShares': 360299996.0}}, {'2021-12-31': {'totalRevenue': 59339000000.0, 'dilutedEPS': 59.450001, 'totalUnusualItemsExcludingGoodwill': -534000000.0, 'basicAverageShares': 346599996.0, 'operatingRevenue': 59339000000.0, 'netIncomeIncludingNoncontrollingInterests': 21635000000.0, 'gainOnSaleOfSecurity': 0.0, 'taxEffectOfUnusualItems': -106800000.0, 'netIncomeContinuousOperations': 21635000000.0, 'depreciationAndAmortizationInIncomeStatement': 2015000000.0, 'basicEPS': 60.250001, 'otherSpecialCharges': 534000000.0, 'sellingAndMarketingExpense': 553000000.0, 'dilutedNIAvailtoComStockholders': 21151000000.0, 'normalizedIncome': 22062200000.0, 'totalUnusualItems': -534000000.0, 'netIncome': 21635000000.0, 'pretaxIncome': 27044000000.0, 'netIncomeFromContinuingAndDiscontinuedOperation': 21635000000.0, 'interestExpense': 5650000000.0, 'impairmentOfCapitalAssets': 143000000.0, 'specialIncomeCharges': -534000000.0, 'interestIncome': 12120000000.0, 'netIncomeCommonStockholders': 21151000000.0, 'depreciationAmortizationDepletionIncomeStatement': 2015000000.0, 'sellingGeneralAndAdministration': 18272000000.0, 'netIncomeFromContinuingOperationNetMinorityInterest': 21635000000.0, 'netInterestIncome': 6470000000.0, 'reconciledDepreciation': 2015000000.0, 'taxRateForCalcs': 0.2, 'salariesAndWages': 17719000000.0, 'taxProvision': 5409000000.0, 'generalAndAdministrativeExpense': 17719000000.0, 'preferredStockDividends': 484000000.0, 'dilutedAverageShares': 352299996.0}}], 'AXP': [{'2022-12-31': {'generalAndAdministrativeExpense': 7252000000.0, 'restructuringAndMergernAcquisition': 142000000.0, 'netIncomeFromContinuingAndDiscontinuedOperation': 7514000000.0, 'sellingGeneralAndAdministration': 12710000000.0, 'preferredStockDividends': 57000000.0, 'interestIncome': 12658000000.0, 'reconciledDepreciation': 1626000000.0, 'dilutedAverageShares': 752000000.0, 'taxEffectOfUnusualItems': -30672000.0, 'netIncomeContinuousOperations': 7514000000.0, 'interestExpense': 2763000000.0, 'netIncomeFromContinuingOperationNetMinorityInterest': 7514000000.0, 'specialIncomeCharges': -142000000.0, 'totalUnusualItems': -142000000.0, 'salariesAndWages': 7252000000.0, 'netIncomeIncludingNoncontrollingInterests': 7514000000.0, 'taxProvision': 2071000000.0, 'netIncomeCommonStockholders': 7400000000.0, 'operatingRevenue': 52560000000.0, 'dilutedNIAvailtoComStockholders': 7400000000.0, 'totalRevenue': 52560000000.0, 'taxRateForCalcs': 0.216, 'dilutedEPS': 9.85, 'normalizedIncome': 7514000000.0, 'basicAverageShares': 751000000.0, 'sellingAndMarketingExpense': 5458000000.0, 'gainOnSaleOfSecurity': -302000000.0, 'netInterestIncome': 9895000000.0, 'otherunderPreferredStockDividend': 57000000.0, 'totalUnusualItemsExcludingGoodwill': -142000000.0, 'netIncome': 7514000000.0, 'pretaxIncome': 9585000000.0, 'basicEPS': 9.86}}, {'2023-03-31': {'generalAndAdministrativeExpense': 7612000000.0, 'sellingGeneralAndAdministration': 13187000000.0, 'reconciledDepreciation': 1628000000.0, 'preferredStockDividends': 57000000.0, 'netIncomeContinuousOperations': 7231000000.0, 'interestExpense': 3875000000.0, 'netIncomeFromContinuingOperationNetMinorityInterest': 7231000000.0, 'totalUnusualItems': -142000000.0, 'netIncomeIncludingNoncontrollingInterests': 7231000000.0, 'netIncomeCommonStockholders': 7119000000.0, 'dilutedNIAvailtoComStockholders': 7119000000.0, 'interestIncome': 14554000000.0, 'taxEffectOfUnusualItems': -28415707.964602, 'operatingRevenue': 55022000000.0, 'normalizedIncome': 7344584292.035398, 'gainOnSaleOfSecurity': -386000000.0, 'sellingAndMarketingExpense': 5575000000.0, 'totalRevenue': 55022000000.0, 'otherunderPreferredStockDividend': 55000000.0, 'taxRateForCalcs': 0.200111, 'taxProvision': 1809000000.0, 'netIncome': 7231000000.0, 'salariesAndWages': 7612000000.0, 'pretaxIncome': 9040000000.0, 'netInterestIncome': 10679000000.0, 'netIncomeFromContinuingAndDiscontinuedOperation': 7231000000.0, 'totalUnusualItemsExcludingGoodwill': -142000000.0}}, {'2019-12-31': {'restructuringAndMergernAcquisition': 125000000.0, 'netIncomeFromContinuingAndDiscontinuedOperation': 6759000000.0, 'generalAndAdministrativeExpense': 5911000000.0, 'preferredStockDividends': 81000000.0, 'interestIncome': 12084000000.0, 'dilutedAverageShares': 830000000.0, 'sellingGeneralAndAdministration': 13025000000.0, 'taxEffectOfUnusualItems': 0.0, 'salariesAndWages': 5911000000.0, 'specialIncomeCharges': -125000000.0, 'taxProvision': 1670000000.0, 'netIncomeCommonStockholders': 6631000000.0, 'operatingRevenue': 43556000000.0, 'netIncomeIncludingNoncontrollingInterests': 6759000000.0, 'netIncomeFromContinuingOperationNetMinorityInterest': 6759000000.0, 'totalRevenue': 43556000000.0, 'reconciledDepreciation': 1188000000.0, 'taxRateForCalcs': 0.198126, 'interestExpense': 3464000000.0, 'dilutedEPS': 7.99, 'basicAverageShares': 828000000.0, 'sellingAndMarketingExpense': 7114000000.0, 'normalizedIncome': 6759000000.0, 'netInterestIncome': 8620000000.0, 'totalUnusualItemsExcludingGoodwill': -125000000.0, 'otherunderPreferredStockDividend': 47000000.0, 'dilutedNIAvailtoComStockholders': 6631000000.0, 'totalUnusualItems': -125000000.0, 'netIncomeContinuousOperations': 6759000000.0, 'basicEPS': 8.0, 'netIncome': 6759000000.0, 'pretaxIncome': 8429000000.0}}, {'2020-12-31': {'restructuringAndMergernAcquisition': 125000000.0, 'netIncomeFromContinuingAndDiscontinuedOperation': 3135000000.0, 'generalAndAdministrativeExpense': 5718000000.0, 'preferredStockDividends': 79000000.0, 'interestIncome': 10083000000.0, 'dilutedAverageShares': 806000000.0, 'sellingGeneralAndAdministration': 12465000000.0, 'taxEffectOfUnusualItems': 0.0, 'salariesAndWages': 5718000000.0, 'specialIncomeCharges': -125000000.0, 'taxProvision': 1161000000.0, 'netIncomeCommonStockholders': 3036000000.0, 'operatingRevenue': 36087000000.0, 'netIncomeIncludingNoncontrollingInterests': 3135000000.0, 'netIncomeFromContinuingOperationNetMinorityInterest': 3135000000.0, 'totalRevenue': 36087000000.0, 'reconciledDepreciation': 1543000000.0, 'taxRateForCalcs': 0.270251, 'interestExpense': 2098000000.0, 'dilutedEPS': 3.77, 'basicAverageShares': 805000000.0, 'sellingAndMarketingExpense': 6747000000.0, 'normalizedIncome': 3135000000.0, 'netInterestIncome': 7985000000.0, 'totalUnusualItemsExcludingGoodwill': -125000000.0, 'otherunderPreferredStockDividend': 20000000.0, 'dilutedNIAvailtoComStockholders': 3036000000.0, 'totalUnusualItems': -125000000.0, 'netIncomeContinuousOperations': 3135000000.0, 'basicEPS': 3.77, 'netIncome': 3135000000.0, 'pretaxIncome': 4296000000.0}}, {'2021-12-31': {'restructuringAndMergernAcquisition': 10000000.0, 'netIncomeFromContinuingAndDiscontinuedOperation': 8060000000.0, 'generalAndAdministrativeExpense': 6240000000.0, 'preferredStockDividends': 71000000.0, 'interestIncome': 9033000000.0, 'dilutedAverageShares': 790000000.0, 'sellingGeneralAndAdministration': 15293000000.0, 'taxEffectOfUnusualItems': 0.0, 'salariesAndWages': 6240000000.0, 'specialIncomeCharges': -10000000.0, 'taxProvision': 2629000000.0, 'netIncomeCommonStockholders': 7917000000.0, 'operatingRevenue': 42380000000.0, 'netIncomeIncludingNoncontrollingInterests': 8060000000.0, 'netIncomeFromContinuingOperationNetMinorityInterest': 8060000000.0, 'totalRevenue': 42380000000.0, 'reconciledDepreciation': 1695000000.0, 'taxRateForCalcs': 0.246, 'interestExpense': 1283000000.0, 'dilutedEPS': 10.02, 'basicAverageShares': 789000000.0, 'sellingAndMarketingExpense': 9053000000.0, 'normalizedIncome': 8060000000.0, 'gainOnSaleOfSecurity': 767000000.0, 'netInterestIncome': 7750000000.0, 'totalUnusualItemsExcludingGoodwill': -10000000.0, 'otherunderPreferredStockDividend': 143000000.0, 'dilutedNIAvailtoComStockholders': 7917000000.0, 'totalUnusualItems': -10000000.0, 'netIncomeContinuousOperations': 8060000000.0, 'basicEPS': 10.04, 'netIncome': 8060000000.0, 'pretaxIncome': 10689000000.0}}], 'HD': [{'2023-01-31': {'netInterestIncome': -1562000000.0, 'normalizedIncome': 17105000000.0, 'reconciledCostOfRevenue': 104105000000.0, 'operatingIncome': 24039000000.0, 'netNonOperatingInterestIncomeExpense': -1562000000.0, 'totalExpenses': 133364000000.0, 'eBITDA': 27069000000.0, 'totalRevenue': 157403000000.0, 'grossProfit': 52778000000.0, 'basicEPS': 16.74, 'netIncomeCommonStockholders': 17105000000.0, 'taxRateForCalcs': 0.239, 'ebit': 24094000000.0, 'interestIncomeNonOperating': 55000000.0, 'pretaxIncome': 22477000000.0, 'netIncome': 17105000000.0, 'taxProvision': 5372000000.0, 'interestExpense': 1617000000.0, 'dilutedAverageShares': 1025000000.0, 'costOfRevenue': 104625000000.0, 'interestExpenseNonOperating': 1617000000.0, 'netIncomeFromContinuingAndDiscontinuedOperation': 17105000000.0, 'sellingGeneralAndAdministration': 26284000000.0, 'reconciledDepreciation': 2975000000.0, 'depreciationAndAmortizationInIncomeStatement': 2455000000.0, 'netIncomeFromContinuingOperationNetMinorityInterest': 17105000000.0, 'operatingExpense': 28739000000.0, 'netIncomeContinuousOperations': 17105000000.0, 'totalOperatingIncomeAsReported': 24039000000.0, 'operatingRevenue': 157403000000.0, 'dilutedEPS': 16.69, 'taxEffectOfUnusualItems': 0.0, 'normalizedEBITDA': 27069000000.0, 'netIncomeIncludingNoncontrollingInterests': 17105000000.0, 'depreciationAmortizationDepletionIncomeStatement': 2455000000.0, 'basicAverageShares': 1022000000.0, 'dilutedNIAvailtoComStockholders': 17105000000.0, 'interestIncome': 55000000.0}}, {'2023-04-30': {'netInterestIncome': -1634000000.0, 'normalizedIncome': 16747000000.0, 'netNonOperatingInterestIncomeExpense': -1634000000.0, 'totalExpenses': 132091000000.0, 'eBITDA': 26787000000.0, 'grossProfit': 52190000000.0, 'netIncomeCommonStockholders': 16747000000.0, 'taxRateForCalcs': 0.239706, 'interestIncomeNonOperating': 85000000.0, 'pretaxIncome': 22027000000.0, 'interestExpense': 1719000000.0, 'totalRevenue': 155752000000.0, 'interestExpenseNonOperating': 1719000000.0, 'netIncomeFromContinuingAndDiscontinuedOperation': 16747000000.0, 'operatingIncome': 23661000000.0, 'reconciledCostOfRevenue': 103021000000.0, 'taxProvision': 5280000000.0, 'reconciledDepreciation': 3041000000.0, 'depreciationAndAmortizationInIncomeStatement': 2500000000.0, 'netIncomeFromContinuingOperationNetMinorityInterest': 16747000000.0, 'netIncomeContinuousOperations': 16747000000.0, 'operatingExpense': 28529000000.0, 'operatingRevenue': 155752000000.0, 'sellingGeneralAndAdministration': 26029000000.0, 'normalizedEBITDA': 26787000000.0, 'netIncomeIncludingNoncontrollingInterests': 16747000000.0, 'depreciationAmortizationDepletionIncomeStatement': 2500000000.0, 'dilutedNIAvailtoComStockholders': 16747000000.0, 'netIncome': 16747000000.0, 'costOfRevenue': 103562000000.0, 'interestIncome': 85000000.0, 'ebit': 23746000000.0, 'totalOperatingIncomeAsReported': 23661000000.0, 'taxEffectOfUnusualItems': 0.0}}, {'2020-01-31': {'normalizedIncome': 11242000000.0, 'reconciledCostOfRevenue': 72346000000.0, 'operatingIncome': 15843000000.0, 'netInterestIncome': -1128000000.0, 'totalRevenue': 110225000000.0, 'basicEPS': 10.29, 'ebit': 15916000000.0, 'netIncome': 11242000000.0, 'totalUnusualItems': 0.0, 'taxProvision': 3473000000.0, 'pretaxIncome': 14715000000.0, 'interestIncomeNonOperating': 73000000.0, 'totalUnusualItemsExcludingGoodwill': 0.0, 'dilutedAverageShares': 1097000000.0, 'costOfRevenue': 72653000000.0, 'totalExpenses': 94382000000.0, 'interestExpenseNonOperating': 1201000000.0, 'impairmentOfCapitalAssets': 0.0, 'sellingGeneralAndAdministration': 19740000000.0, 'netIncomeFromContinuingOperationNetMinorityInterest': 11242000000.0, 'operatingExpense': 21729000000.0, 'totalOperatingIncomeAsReported': 15843000000.0, 'netIncomeFromContinuingAndDiscontinuedOperation': 11242000000.0, 'dilutedEPS': 10.25, 'netIncomeContinuousOperations': 11242000000.0, 'taxEffectOfUnusualItems': 0.0, 'depreciationAndAmortizationInIncomeStatement': 1989000000.0, 'basicAverageShares': 1093000000.0, 'dilutedNIAvailtoComStockholders': 11242000000.0, 'interestExpense': 1201000000.0, 'specialIncomeCharges': 0.0, 'interestIncome': 73000000.0, 'netNonOperatingInterestIncomeExpense': -1128000000.0, 'taxRateForCalcs': 0.236018, 'operatingRevenue': 110225000000.0, 'grossProfit': 37572000000.0, 'reconciledDepreciation': 2296000000.0, 'netIncomeIncludingNoncontrollingInterests': 11242000000.0, 'depreciationAmortizationDepletionIncomeStatement': 1989000000.0, 'netIncomeCommonStockholders': 11242000000.0, 'normalizedEBITDA': 18212000000.0}}, {'2021-01-31': {'normalizedIncome': 12866000000.0, 'reconciledCostOfRevenue': 86866000000.0, 'operatingIncome': 18278000000.0, 'netInterestIncome': -1300000000.0, 'totalRevenue': 132110000000.0, 'basicEPS': 11.98, 'ebit': 18325000000.0, 'netIncome': 12866000000.0, 'totalUnusualItems': 0.0, 'taxProvision': 4112000000.0, 'pretaxIncome': 16978000000.0, 'interestIncomeNonOperating': 47000000.0, 'totalUnusualItemsExcludingGoodwill': 0.0, 'dilutedAverageShares': 1078000000.0, 'costOfRevenue': 87257000000.0, 'totalExpenses': 113832000000.0, 'interestExpenseNonOperating': 1347000000.0, 'impairmentOfCapitalAssets': 0.0, 'sellingGeneralAndAdministration': 24447000000.0, 'netIncomeFromContinuingOperationNetMinorityInterest': 12866000000.0, 'operatingExpense': 26575000000.0, 'totalOperatingIncomeAsReported': 18278000000.0, 'netIncomeFromContinuingAndDiscontinuedOperation': 12866000000.0, 'dilutedEPS': 11.94, 'netIncomeContinuousOperations': 12866000000.0, 'taxEffectOfUnusualItems': 0.0, 'depreciationAndAmortizationInIncomeStatement': 2128000000.0, 'basicAverageShares': 1074000000.0, 'dilutedNIAvailtoComStockholders': 12866000000.0, 'interestExpense': 1347000000.0, 'specialIncomeCharges': 0.0, 'interestIncome': 47000000.0, 'netNonOperatingInterestIncomeExpense': -1300000000.0, 'taxRateForCalcs': 0.242196, 'operatingRevenue': 132110000000.0, 'grossProfit': 44853000000.0, 'reconciledDepreciation': 2519000000.0, 'netIncomeIncludingNoncontrollingInterests': 12866000000.0, 'depreciationAmortizationDepletionIncomeStatement': 2128000000.0, 'netIncomeCommonStockholders': 12866000000.0, 'normalizedEBITDA': 20844000000.0}}, {'2022-01-31': {'normalizedIncome': 16433000000.0, 'reconciledCostOfRevenue': 99849000000.0, 'operatingIncome': 23040000000.0, 'netInterestIncome': -1303000000.0, 'totalRevenue': 151157000000.0, 'basicEPS': 15.59, 'ebit': 23084000000.0, 'netIncome': 16433000000.0, 'taxProvision': 5304000000.0, 'pretaxIncome': 21737000000.0, 'interestIncomeNonOperating': 44000000.0, 'dilutedAverageShares': 1058000000.0, 'costOfRevenue': 100325000000.0, 'totalExpenses': 128117000000.0, 'interestExpenseNonOperating': 1347000000.0, 'sellingGeneralAndAdministration': 25406000000.0, 'netIncomeFromContinuingOperationNetMinorityInterest': 16433000000.0, 'operatingExpense': 27792000000.0, 'totalOperatingIncomeAsReported': 23040000000.0, 'netIncomeFromContinuingAndDiscontinuedOperation': 16433000000.0, 'dilutedEPS': 15.53, 'netIncomeContinuousOperations': 16433000000.0, 'taxEffectOfUnusualItems': 0.0, 'depreciationAndAmortizationInIncomeStatement': 2386000000.0, 'basicAverageShares': 1054000000.0, 'dilutedNIAvailtoComStockholders': 16433000000.0, 'interestExpense': 1347000000.0, 'interestIncome': 44000000.0, 'netNonOperatingInterestIncomeExpense': -1303000000.0, 'taxRateForCalcs': 0.244008, 'operatingRevenue': 151157000000.0, 'grossProfit': 50832000000.0, 'reconciledDepreciation': 2862000000.0, 'netIncomeIncludingNoncontrollingInterests': 16433000000.0, 'depreciationAmortizationDepletionIncomeStatement': 2386000000.0, 'netIncomeCommonStockholders': 16433000000.0, 'normalizedEBITDA': 25946000000.0}}], 'CSCO': [{'2019-07-31': {'operatingIncome': 14541000000.0, 'otherIncomeExpense': -419000000.0, 'researchAndDevelopment': 6577000000.0, 'grossProfit': 32666000000.0, 'basicEPS': 2.63, 'sellingAndMarketingExpense': 9571000000.0, 'reconciledCostOfRevenue': 17491000000.0, 'totalUnusualItemsExcludingGoodwill': -322000000.0, 'interestExpenseNonOperating': 859000000.0, 'netNonOperatingInterestIncomeExpense': 449000000.0, 'netInterestIncome': 449000000.0, 'totalExpenses': 37363000000.0, 'ebit': 15430000000.0, 'taxEffectOfUnusualItems': -65044000.0, 'interestIncomeNonOperating': 1308000000.0, 'gainOnSaleOfSecurity': -10000000.0, 'depreciationAndAmortizationInIncomeStatement': 150000000.0, 'dilutedNIAvailtoComStockholders': 11621000000.0, 'pretaxIncome': 14571000000.0, 'netIncome': 11621000000.0, 'totalUnusualItems': -322000000.0, 'otherGandA': 1827000000.0, 'normalizedIncome': 11877956000.0, 'amortizationOfIntangiblesIncomeStatement': 150000000.0, 'netIncomeContinuousOperations': 11621000000.0, 'operatingExpense': 18125000000.0, 'costOfRevenue': 19238000000.0, 'depreciationAmortizationDepletionIncomeStatement': 150000000.0, 'netIncomeFromContinuingAndDiscontinuedOperation': 11621000000.0, 'interestIncome': 1308000000.0, 'otherNonOperatingIncomeExpenses': -97000000.0, 'sellingGeneralAndAdministration': 11398000000.0, 'normalizedEBITDA': 17649000000.0, 'restructuringAndMergernAcquisition': 322000000.0, 'generalAndAdministrativeExpense': 1827000000.0, 'dilutedAverageShares': 4453000000.0, 'dilutedEPS': 2.61, 'totalOperatingIncomeAsReported': 14219000000.0, 'netIncomeCommonStockholders': 11621000000.0, 'taxRateForCalcs': 0.202, 'operatingRevenue': 51904000000.0, 'netIncomeIncludingNoncontrollingInterests': 11621000000.0, 'amortization': 150000000.0, 'specialIncomeCharges': -322000000.0, 'taxProvision': 2950000000.0, 'reconciledDepreciation': 1897000000.0, 'netIncomeFromContinuingOperationNetMinorityInterest': 11621000000.0, 'interestExpense': 859000000.0, 'basicAverageShares': 4419000000.0, 'totalRevenue': 51904000000.0}}, {'2020-07-31': {'operatingIncome': 14101000000.0, 'otherIncomeExpense': -466000000.0, 'researchAndDevelopment': 6347000000.0, 'grossProfit': 31683000000.0, 'basicEPS': 2.65, 'sellingAndMarketingExpense': 9169000000.0, 'reconciledCostOfRevenue': 15951000000.0, 'totalUnusualItemsExcludingGoodwill': -481000000.0, 'interestExpenseNonOperating': 585000000.0, 'netNonOperatingInterestIncomeExpense': 335000000.0, 'netInterestIncome': 335000000.0, 'totalExpenses': 35200000000.0, 'ebit': 14555000000.0, 'taxEffectOfUnusualItems': -94757000.0, 'interestIncomeNonOperating': 920000000.0, 'gainOnSaleOfSecurity': 132000000.0, 'depreciationAndAmortizationInIncomeStatement': 141000000.0, 'dilutedNIAvailtoComStockholders': 11214000000.0, 'pretaxIncome': 13970000000.0, 'netIncome': 11214000000.0, 'totalUnusualItems': -481000000.0, 'otherGandA': 1925000000.0, 'normalizedIncome': 11600243000.0, 'amortizationOfIntangiblesIncomeStatement': 141000000.0, 'netIncomeContinuousOperations': 11214000000.0, 'operatingExpense': 17582000000.0, 'costOfRevenue': 17618000000.0, 'depreciationAmortizationDepletionIncomeStatement': 141000000.0, 'netIncomeFromContinuingAndDiscontinuedOperation': 11214000000.0, 'interestIncome': 920000000.0, 'otherNonOperatingIncomeExpenses': 15000000.0, 'sellingGeneralAndAdministration': 11094000000.0, 'normalizedEBITDA': 16844000000.0, 'restructuringAndMergernAcquisition': 481000000.0, 'generalAndAdministrativeExpense': 1925000000.0, 'dilutedAverageShares': 4254000000.0, 'dilutedEPS': 2.64, 'totalOperatingIncomeAsReported': 13620000000.0, 'netIncomeCommonStockholders': 11214000000.0, 'taxRateForCalcs': 0.197, 'operatingRevenue': 49301000000.0, 'netIncomeIncludingNoncontrollingInterests': 11214000000.0, 'amortization': 141000000.0, 'specialIncomeCharges': -481000000.0, 'taxProvision': 2756000000.0, 'reconciledDepreciation': 1808000000.0, 'netIncomeFromContinuingOperationNetMinorityInterest': 11214000000.0, 'interestExpense': 585000000.0, 'basicAverageShares': 4236000000.0, 'totalRevenue': 49301000000.0}}, {'2021-07-31': {'operatingIncome': 13719000000.0, 'otherIncomeExpense': -641000000.0, 'researchAndDevelopment': 6549000000.0, 'grossProfit': 31894000000.0, 'basicEPS': 2.51, 'sellingAndMarketingExpense': 9259000000.0, 'reconciledCostOfRevenue': 16277000000.0, 'totalUnusualItemsExcludingGoodwill': -886000000.0, 'interestExpenseNonOperating': 434000000.0, 'netNonOperatingInterestIncomeExpense': 184000000.0, 'netInterestIncome': 184000000.0, 'totalExpenses': 36099000000.0, 'ebit': 13696000000.0, 'taxEffectOfUnusualItems': -178086000.0, 'interestIncomeNonOperating': 618000000.0, 'gainOnSaleOfSecurity': 325000000.0, 'depreciationAndAmortizationInIncomeStatement': 215000000.0, 'dilutedNIAvailtoComStockholders': 10591000000.0, 'pretaxIncome': 13262000000.0, 'netIncome': 10591000000.0, 'totalUnusualItems': -886000000.0, 'otherGandA': 2152000000.0, 'normalizedIncome': 11298914000.0, 'amortizationOfIntangiblesIncomeStatement': 215000000.0, 'netIncomeContinuousOperations': 10591000000.0, 'operatingExpense': 18175000000.0, 'costOfRevenue': 17924000000.0, 'depreciationAmortizationDepletionIncomeStatement': 215000000.0, 'netIncomeFromContinuingAndDiscontinuedOperation': 10591000000.0, 'interestIncome': 618000000.0, 'otherNonOperatingIncomeExpenses': 245000000.0, 'sellingGeneralAndAdministration': 11411000000.0, 'normalizedEBITDA': 16444000000.0, 'restructuringAndMergernAcquisition': 886000000.0, 'generalAndAdministrativeExpense': 2152000000.0, 'dilutedAverageShares': 4236000000.0, 'dilutedEPS': 2.5, 'totalOperatingIncomeAsReported': 12833000000.0, 'netIncomeCommonStockholders': 10591000000.0, 'taxRateForCalcs': 0.201, 'operatingRevenue': 49818000000.0, 'netIncomeIncludingNoncontrollingInterests': 10591000000.0, 'amortization': 215000000.0, 'specialIncomeCharges': -886000000.0, 'taxProvision': 2671000000.0, 'reconciledDepreciation': 1862000000.0, 'netIncomeFromContinuingOperationNetMinorityInterest': 10591000000.0, 'interestExpense': 434000000.0, 'basicAverageShares': 4222000000.0, 'totalRevenue': 49818000000.0}}, {'2022-07-31': {'operatingIncome': 13975000000.0, 'otherIncomeExpense': 386000000.0, 'researchAndDevelopment': 6774000000.0, 'grossProfit': 32248000000.0, 'basicEPS': 2.83, 'sellingAndMarketingExpense': 9085000000.0, 'reconciledCostOfRevenue': 17665000000.0, 'totalUnusualItemsExcludingGoodwill': -6000000.0, 'interestExpenseNonOperating': 360000000.0, 'netNonOperatingInterestIncomeExpense': 116000000.0, 'netInterestIncome': 116000000.0, 'totalExpenses': 37582000000.0, 'ebit': 14837000000.0, 'taxEffectOfUnusualItems': -1104000.0, 'interestIncomeNonOperating': 476000000.0, 'gainOnSaleOfSecurity': 457000000.0, 'depreciationAndAmortizationInIncomeStatement': 313000000.0, 'dilutedNIAvailtoComStockholders': 11812000000.0, 'pretaxIncome': 14477000000.0, 'netIncome': 11812000000.0, 'totalUnusualItems': -6000000.0, 'otherGandA': 2101000000.0, 'normalizedIncome': 11816896000.0, 'amortizationOfIntangiblesIncomeStatement': 313000000.0, 'netIncomeContinuousOperations': 11812000000.0, 'operatingExpense': 18273000000.0, 'costOfRevenue': 19309000000.0, 'depreciationAmortizationDepletionIncomeStatement': 313000000.0, 'netIncomeFromContinuingAndDiscontinuedOperation': 11812000000.0, 'interestIncome': 476000000.0, 'otherNonOperatingIncomeExpenses': 392000000.0, 'sellingGeneralAndAdministration': 11186000000.0, 'normalizedEBITDA': 16800000000.0, 'restructuringAndMergernAcquisition': 6000000.0, 'generalAndAdministrativeExpense': 2101000000.0, 'dilutedAverageShares': 4192000000.0, 'dilutedEPS': 2.82, 'totalOperatingIncomeAsReported': 13969000000.0, 'netIncomeCommonStockholders': 11812000000.0, 'taxRateForCalcs': 0.184, 'operatingRevenue': 51557000000.0, 'netIncomeIncludingNoncontrollingInterests': 11812000000.0, 'amortization': 313000000.0, 'specialIncomeCharges': -6000000.0, 'taxProvision': 2665000000.0, 'reconciledDepreciation': 1957000000.0, 'netIncomeFromContinuingOperationNetMinorityInterest': 11812000000.0, 'interestExpense': 360000000.0, 'basicAverageShares': 4170000000.0, 'totalRevenue': 51557000000.0}}, {'2023-01-31': {'otherIncomeExpense': -250000000.0, 'grossProfit': 32919000000.0, 'operatingIncome': 14115000000.0, 'sellingAndMarketingExpense': 9333000000.0, 'gainOnSaleOfSecurity': 44000000.0, 'costOfRevenue': 20242000000.0, 'totalRevenue': 53161000000.0, 'normalizedIncome': 11458226695.966541, 'amortizationOfIntangiblesIncomeStatement': 292000000.0, 'totalUnusualItemsExcludingGoodwill': -195000000.0, 'netIncome': 11302000000.0, 'taxProvision': 2805000000.0, 'interestIncomeNonOperating': 632000000.0, 'pretaxIncome': 14107000000.0, 'otherGandA': 2153000000.0, 'reconciledCostOfRevenue': 18773000000.0, 'netInterestIncome': 242000000.0, 'totalExpenses': 39046000000.0, 'interestExpenseNonOperating': 390000000.0, 'operatingExpense': 18804000000.0, 'sellingGeneralAndAdministration': 11486000000.0, 'restructuringAndMergernAcquisition': 239000000.0, 'otherNonOperatingIncomeExpenses': -55000000.0, 'depreciationAmortizationDepletionIncomeStatement': 292000000.0, 'normalizedEBITDA': 16453000000.0, 'netIncomeFromContinuingAndDiscontinuedOperation': 11302000000.0, 'generalAndAdministrativeExpense': 2153000000.0, 'netIncomeFromContinuingOperationNetMinorityInterest': 11302000000.0, 'depreciationAndAmortizationInIncomeStatement': 292000000.0, 'totalUnusualItems': -195000000.0, 'netIncomeContinuousOperations': 11302000000.0, 'ebit': 14497000000.0, 'netIncomeIncludingNoncontrollingInterests': 11302000000.0, 'netIncomeCommonStockholders': 11302000000.0, 'dilutedNIAvailtoComStockholders': 11302000000.0, 'taxRateForCalcs': 0.198837, 'specialIncomeCharges': -239000000.0, 'interestExpense': 390000000.0, 'taxEffectOfUnusualItems': -38773304.033459, 'eBITDA': 16258000000.0, 'reconciledDepreciation': 1761000000.0, 'totalOperatingIncomeAsReported': 13876000000.0, 'netNonOperatingInterestIncomeExpense': 242000000.0, 'interestIncome': 632000000.0, 'amortization': 292000000.0, 'operatingRevenue': 53161000000.0, 'researchAndDevelopment': 7026000000.0}}, {'2023-04-30': {'otherIncomeExpense': -645000000.0, 'grossProfit': 34030000000.0, 'operatingIncome': 14538000000.0, 'sellingAndMarketingExpense': 9650000000.0, 'gainOnSaleOfSecurity': -239000000.0, 'costOfRevenue': 20867000000.0, 'totalRevenue': 54897000000.0, 'normalizedIncome': 11924360933.884876, 'amortizationOfIntangiblesIncomeStatement': 285000000.0, 'totalUnusualItemsExcludingGoodwill': -565000000.0, 'netIncome': 11470000000.0, 'taxProvision': 2793000000.0, 'interestIncomeNonOperating': 779000000.0, 'pretaxIncome': 14263000000.0, 'otherGandA': 2277000000.0, 'reconciledCostOfRevenue': 19418000000.0, 'netInterestIncome': 370000000.0, 'totalExpenses': 40359000000.0, 'interestExpenseNonOperating': 409000000.0, 'operatingExpense': 19492000000.0, 'sellingGeneralAndAdministration': 11927000000.0, 'restructuringAndMergernAcquisition': 326000000.0, 'otherNonOperatingIncomeExpenses': -80000000.0, 'depreciationAmortizationDepletionIncomeStatement': 285000000.0, 'normalizedEBITDA': 16971000000.0, 'netIncomeFromContinuingAndDiscontinuedOperation': 11470000000.0, 'generalAndAdministrativeExpense': 2277000000.0, 'netIncomeFromContinuingOperationNetMinorityInterest': 11470000000.0, 'depreciationAndAmortizationInIncomeStatement': 285000000.0, 'totalUnusualItems': -565000000.0, 'netIncomeContinuousOperations': 11470000000.0, 'ebit': 14672000000.0, 'netIncomeIncludingNoncontrollingInterests': 11470000000.0, 'netIncomeCommonStockholders': 11470000000.0, 'dilutedNIAvailtoComStockholders': 11470000000.0, 'taxRateForCalcs': 0.195821, 'specialIncomeCharges': -326000000.0, 'interestExpense': 409000000.0, 'taxEffectOfUnusualItems': -110639066.115123, 'eBITDA': 16406000000.0, 'reconciledDepreciation': 1734000000.0, 'totalOperatingIncomeAsReported': 14212000000.0, 'netNonOperatingInterestIncomeExpense': 370000000.0, 'interestIncome': 779000000.0, 'amortization': 285000000.0, 'operatingRevenue': 54897000000.0, 'researchAndDevelopment': 7280000000.0}}], 'IBM': [{'2019-12-31': {'interestExpense': 1344000000.0, 'netIncomeDiscontinuousOperations': -4000000.0, 'pretaxIncome': 10166000000.0, 'dilutedNIAvailtoComStockholders': 9431000000.0, 'basicAverageShares': 887235105.0, 'interestIncomeNonOperating': 349000000.0, 'netIncome': 9431000000.0, 'salariesAndWages': 1008000000.0, 'specialIncomeCharges': -89000000.0, 'netIncomeFromContinuingAndDiscontinuedOperation': 9431000000.0, 'depreciationAmortizationDepletionIncomeStatement': 762000000.0, 'writeOff': 89000000.0, 'netIncomeCommonStockholders': 9431000000.0, 'interestIncome': 349000000.0, 'normalizedEBITDA': 17569000000.0, 'netNonOperatingInterestIncomeExpense': -1344000000.0, 'totalExpenses': 66604000000.0, 'sellingGeneralAndAdministration': 20604000000.0, 'otherOperatingExpenses': -648000000.0, 'otherNonOperatingIncomeExpenses': 968000000.0, 'netInterestIncome': -1344000000.0, 'netIncomeFromContinuingOperationNetMinorityInterest': 9435000000.0, 'reconciledDepreciation': 6059000000.0, 'generalAndAdministrativeExpense': 18107000000.0, 'taxRateForCalcs': 0.072, 'reconciledCostOfRevenue': 40659000000.0, 'totalRevenue': 77147000000.0, 'basicEPS': 10.63, 'dilutedAverageShares': 892813376.0, 'taxProvision': 731000000.0, 'costOfRevenue': 40659000000.0, 'averageDilutionEarnings': 0.0, 'operatingRevenue': 76199000000.0, 'operatingIncome': 10543000000.0, 'totalUnusualItemsExcludingGoodwill': 207000000.0, 'otherIncomeExpense': 968000000.0, 'amortization': 762000000.0, 'researchAndDevelopment': 5989000000.0, 'netIncomeIncludingNoncontrollingInterests': 9431000000.0, 'interestExpenseNonOperating': 1344000000.0, 'grossProfit': 36488000000.0, 'depreciationAndAmortizationInIncomeStatement': 762000000.0, 'gainOnSaleOfSecurity': 296000000.0, 'sellingAndMarketingExpense': 1647000000.0, 'taxEffectOfUnusualItems': 0.0, 'otherGandA': 17099000000.0, 'operatingExpense': 25945000000.0, 'normalizedIncome': 9435000000.0, 'totalUnusualItems': 207000000.0, 'amortizationOfIntangiblesIncomeStatement': 762000000.0, 'dilutedEPS': 10.56, 'netIncomeContinuousOperations': 9435000000.0, 'ebit': 11510000000.0}}, {'2020-12-31': {'interestExpense': 1288000000.0, 'netIncomeDiscontinuousOperations': 89000000.0, 'pretaxIncome': 4637000000.0, 'dilutedNIAvailtoComStockholders': 5590000000.0, 'basicAverageShares': 890348679.0, 'interestIncomeNonOperating': 105000000.0, 'netIncome': 5590000000.0, 'salariesAndWages': 3508000000.0, 'specialIncomeCharges': -109000000.0, 'netIncomeFromContinuingAndDiscontinuedOperation': 5590000000.0, 'depreciationAmortizationDepletionIncomeStatement': 1123000000.0, 'writeOff': 109000000.0, 'netIncomeCommonStockholders': 5590000000.0, 'interestIncome': 105000000.0, 'normalizedEBITDA': 12620000000.0, 'netNonOperatingInterestIncomeExpense': -1288000000.0, 'totalExpenses': 66834000000.0, 'sellingGeneralAndAdministration': 23082000000.0, 'otherOperatingExpenses': -626000000.0, 'otherNonOperatingIncomeExpenses': -861000000.0, 'netInterestIncome': -1288000000.0, 'netIncomeFromContinuingOperationNetMinorityInterest': 5501000000.0, 'reconciledDepreciation': 6695000000.0, 'generalAndAdministrativeExpense': 20308000000.0, 'taxRateForCalcs': 0.27, 'reconciledCostOfRevenue': 38045000000.0, 'totalRevenue': 73620000000.0, 'basicEPS': 6.28, 'dilutedAverageShares': 896563971.0, 'taxProvision': -864000000.0, 'costOfRevenue': 38045000000.0, 'averageDilutionEarnings': -2000000.0, 'operatingRevenue': 73451000000.0, 'operatingIncome': 6786000000.0, 'totalUnusualItemsExcludingGoodwill': -100000000.0, 'otherIncomeExpense': -861000000.0, 'amortization': 1123000000.0, 'researchAndDevelopment': 6333000000.0, 'netIncomeIncludingNoncontrollingInterests': 5590000000.0, 'interestExpenseNonOperating': 1288000000.0, 'grossProfit': 35575000000.0, 'depreciationAndAmortizationInIncomeStatement': 1123000000.0, 'gainOnSaleOfSecurity': 9000000.0, 'sellingAndMarketingExpense': 1542000000.0, 'taxEffectOfUnusualItems': 0.0, 'otherGandA': 16800000000.0, 'operatingExpense': 28789000000.0, 'normalizedIncome': 5501000000.0, 'totalUnusualItems': -100000000.0, 'amortizationOfIntangiblesIncomeStatement': 1123000000.0, 'dilutedEPS': 6.23, 'netIncomeContinuousOperations': 5501000000.0, 'ebit': 5925000000.0}}, {'2021-12-31': {'interestExpense': 1155000000.0, 'netIncomeDiscontinuousOperations': 1030000000.0, 'pretaxIncome': 4837000000.0, 'dilutedNIAvailtoComStockholders': 5743000000.0, 'basicAverageShares': 895990771.0, 'interestIncomeNonOperating': 52000000.0, 'netIncome': 5742000000.0, 'salariesAndWages': 736000000.0, 'specialIncomeCharges': 35000000.0, 'netIncomeFromContinuingAndDiscontinuedOperation': 5742000000.0, 'depreciationAmortizationDepletionIncomeStatement': 1116000000.0, 'netIncomeCommonStockholders': 5743000000.0, 'interestIncome': 52000000.0, 'normalizedEBITDA': 12408000000.0, 'netNonOperatingInterestIncomeExpense': -1155000000.0, 'totalExpenses': 50485000000.0, 'sellingGeneralAndAdministration': 18745000000.0, 'otherOperatingExpenses': -612000000.0, 'otherNonOperatingIncomeExpenses': -873000000.0, 'netInterestIncome': -1155000000.0, 'netIncomeFromContinuingOperationNetMinorityInterest': 4712000000.0, 'reconciledDepreciation': 6416000000.0, 'generalAndAdministrativeExpense': 16286000000.0, 'gainOnSaleOfPPE': 35000000.0, 'taxRateForCalcs': 0.09, 'reconciledCostOfRevenue': 25864000000.0, 'totalRevenue': 57351000000.0, 'basicEPS': 6.41, 'dilutedAverageShares': 904641001.0, 'taxProvision': 124000000.0, 'costOfRevenue': 25864000000.0, 'provisionForDoubtfulAccounts': -71000000.0, 'averageDilutionEarnings': 0.0, 'operatingRevenue': 56947000000.0, 'operatingIncome': 6865000000.0, 'totalUnusualItemsExcludingGoodwill': 167000000.0, 'otherIncomeExpense': -873000000.0, 'amortization': 1116000000.0, 'researchAndDevelopment': 6488000000.0, 'netIncomeIncludingNoncontrollingInterests': 5742000000.0, 'interestExpenseNonOperating': 1155000000.0, 'grossProfit': 31486000000.0, 'depreciationAndAmortizationInIncomeStatement': 1116000000.0, 'gainOnSaleOfSecurity': 132000000.0, 'sellingAndMarketingExpense': 1413000000.0, 'taxEffectOfUnusualItems': 0.0, 'otherGandA': 15550000000.0, 'operatingExpense': 24621000000.0, 'normalizedIncome': 4712000000.0, 'totalUnusualItems': 167000000.0, 'amortizationOfIntangiblesIncomeStatement': 1116000000.0, 'dilutedEPS': 6.35, 'netIncomeContinuousOperations': 4712000000.0, 'ebit': 5992000000.0}}, {'2022-12-31': {'interestExpense': 1216000000.0, 'netIncomeDiscontinuousOperations': -143000000.0, 'pretaxIncome': 1156000000.0, 'dilutedNIAvailtoComStockholders': 1639000000.0, 'basicAverageShares': 902664190.0, 'interestIncomeNonOperating': 162000000.0, 'interestIncome': 162000000.0, 'netIncome': 1640000000.0, 'salariesAndWages': 616000000.0, 'specialIncomeCharges': 21000000.0, 'netIncomeFromContinuingAndDiscontinuedOperation': 1639000000.0, 'depreciationAmortizationDepletionIncomeStatement': 1062000000.0, 'operatingExpense': 24513000000.0, 'netIncomeCommonStockholders': 1639000000.0, 'ebit': 2372000000.0, 'normalizedEBITDA': 7013000000.0, 'netNonOperatingInterestIncomeExpense': -1054000000.0, 'depreciationAndAmortizationInIncomeStatement': 1062000000.0, 'totalExpenses': 52375000000.0, 'totalUnusualItems': 161000000.0, 'sellingGeneralAndAdministration': 17483000000.0, 'generalAndAdministrativeExpense': 16153000000.0, 'otherOperatingExpenses': -643000000.0, 'otherNonOperatingIncomeExpenses': -6105000000.0, 'netInterestIncome': -1054000000.0, 'taxEffectOfUnusualItems': 0.0, 'gainOnSaleOfSecurity': 140000000.0, 'netIncomeFromContinuingOperationNetMinorityInterest': 1783000000.0, 'eBITDA': 7174000000.0, 'reconciledDepreciation': 4802000000.0, 'taxRateForCalcs': 0.4, 'gainOnSaleOfPPE': 21000000.0, 'reconciledCostOfRevenue': 24102000000.0, 'netIncomeIncludingNoncontrollingInterests': 1639000000.0, 'grossProfit': 32687000000.0, 'operatingRevenue': 60077000000.0, 'totalRevenue': 60530000000.0, 'basicEPS': 1.82, 'amortization': 1062000000.0, 'dilutedAverageShares': 912269062.0, 'researchAndDevelopment': 6567000000.0, 'interestExpenseNonOperating': 1216000000.0, 'taxProvision': -626000000.0, 'operatingIncome': 8174000000.0, 'costOfRevenue': 27842000000.0, 'provisionForDoubtfulAccounts': 64000000.0, 'otherIncomeExpense': -5803000000.0, 'normalizedIncome': 1782000000.0, 'totalUnusualItemsExcludingGoodwill': 161000000.0, 'amortizationOfIntangiblesIncomeStatement': 1062000000.0, 'sellingAndMarketingExpense': 1330000000.0, 'otherGandA': 15537000000.0, 'netIncomeContinuousOperations': 1782000000.0, 'dilutedEPS': 1.8}}, {'2023-03-31': {'interestExpense': 1272000000.0, 'interestIncome': 315000000.0, 'netIncome': 1834000000.0, 'netIncomeDiscontinuousOperations': -221000000.0, 'netIncomeFromContinuingAndDiscontinuedOperation': 1834000000.0, 'operatingExpense': 24709000000.0, 'ebit': 2863000000.0, 'salariesAndWages': 883000000.0, 'depreciationAndAmortizationInIncomeStatement': 1026000000.0, 'totalUnusualItems': 356000000.0, 'generalAndAdministrativeExpense': 16482000000.0, 'dilutedNIAvailtoComStockholders': 1833000000.0, 'taxEffectOfUnusualItems': 142400000.0, 'gainOnSaleOfSecurity': 333000000.0, 'netIncomeFromContinuingOperationNetMinorityInterest': 2055000000.0, 'netNonOperatingInterestIncomeExpense': -957000000.0, 'eBITDA': 7483000000.0, 'taxRateForCalcs': 0.4, 'gainOnSaleOfPPE': 23000000.0, 'normalizedEBITDA': 7127000000.0, 'otherNonOperatingIncomeExpenses': -5959000000.0, 'specialIncomeCharges': 23000000.0, 'netIncomeIncludingNoncontrollingInterests': 1834000000.0, 'grossProfit': 32861000000.0, 'otherOperatingExpenses': -700000000.0, 'operatingRevenue': 60585000000.0, 'netIncomeCommonStockholders': 1833000000.0, 'reconciledDepreciation': 4620000000.0, 'amortization': 1026000000.0, 'depreciationAmortizationDepletionIncomeStatement': 1026000000.0, 'researchAndDevelopment': 6543000000.0, 'interestExpenseNonOperating': 1272000000.0, 'operatingIncome': 8152000000.0, 'provisionForDoubtfulAccounts': 50000000.0, 'otherIncomeExpense': -5603000000.0, 'totalRevenue': 60585000000.0, 'costOfRevenue': 27723000000.0, 'normalizedIncome': 1841400000.0, 'amortizationOfIntangiblesIncomeStatement': 1026000000.0, 'sellingAndMarketingExpense': 1308000000.0, 'taxProvision': -463000000.0, 'reconciledCostOfRevenue': 24129000000.0, 'totalExpenses': 52432000000.0, 'otherGandA': 15599000000.0, 'netIncomeContinuousOperations': 2055000000.0, 'netInterestIncome': -957000000.0, 'sellingGeneralAndAdministration': 17790000000.0, 'totalUnusualItemsExcludingGoodwill': 356000000.0, 'interestIncomeNonOperating': 315000000.0, 'pretaxIncome': 1591000000.0}}], 'CAT': [{'2022-12-31': {'netInterestIncome': -443000000.0, 'gainOnSaleOfSecurity': 215000000.0, 'eBITDA': 11414000000.0, 'minorityInterests': 1000000.0, 'normalizedIncome': 7247440000.0, 'totalExpenses': 50598000000.0, 'netNonOperatingInterestIncomeExpense': -443000000.0, 'dilutedEPS': 12.64, 'otherIncomeExpense': 366000000.0, 'operatingIncome': 8829000000.0, 'grossProfit': 17512000000.0, 'netIncomeCommonStockholders': 6705000000.0, 'reconciledCostOfRevenue': 41915000000.0, 'basicAverageShares': 526900000.0, 'ebit': 9195000000.0, 'specialIncomeCharges': -925000000.0, 'netIncome': 6705000000.0, 'taxRateForCalcs': 0.236, 'interestExpense': 443000000.0, 'dilutedNIAvailtoComStockholders': 6705000000.0, 'pretaxIncome': 8752000000.0, 'earningsFromEquityInterestNetOfTax': 19000000.0, 'totalUnusualItems': -710000000.0, 'interestExpenseNonOperating': 443000000.0, 'totalRevenue': 59427000000.0, 'basicEPS': 12.72, 'impairmentOfCapitalAssets': 925000000.0, 'costOfRevenue': 41915000000.0, 'totalUnusualItemsExcludingGoodwill': -710000000.0, 'netIncomeFromContinuingAndDiscontinuedOperation': 6705000000.0, 'taxProvision': 2067000000.0, 'netIncomeFromContinuingOperationNetMinorityInterest': 6705000000.0, 'reconciledDepreciation': 2219000000.0, 'otherNonOperatingIncomeExpenses': 1076000000.0, 'sellingGeneralAndAdministration': 5651000000.0, 'operatingExpense': 8683000000.0, 'netIncomeContinuousOperations': 6704000000.0, 'operatingRevenue': 59427000000.0, 'totalOperatingIncomeAsReported': 7904000000.0, 'normalizedEBITDA': 12339000000.0, 'taxEffectOfUnusualItems': -167560000.0, 'netIncomeIncludingNoncontrollingInterests': 6704000000.0, 'otherOperatingExpenses': 1218000000.0, 'researchAndDevelopment': 1814000000.0, 'dilutedAverageShares': 530400000.0}}, {'2023-03-31': {'netInterestIncome': -463000000.0, 'gainOnSaleOfSecurity': 169000000.0, 'eBITDA': 12044000000.0, 'normalizedIncome': 7681281879.194631, 'totalExpenses': 51995000000.0, 'netNonOperatingInterestIncomeExpense': -463000000.0, 'grossProfit': 19130000000.0, 'netIncomeCommonStockholders': 7111000000.0, 'netIncome': 7111000000.0, 'taxRateForCalcs': 0.245659, 'interestExpense': 463000000.0, 'pretaxIncome': 9387000000.0, 'earningsFromEquityInterestNetOfTax': 28000000.0, 'interestExpenseNonOperating': 463000000.0, 'totalRevenue': 61700000000.0, 'netIncomeFromContinuingAndDiscontinuedOperation': 7111000000.0, 'totalUnusualItemsExcludingGoodwill': -756000000.0, 'operatingIncome': 9705000000.0, 'otherIncomeExpense': 145000000.0, 'taxProvision': 2306000000.0, 'reconciledCostOfRevenue': 42570000000.0, 'minorityInterests': 2000000.0, 'netIncomeFromContinuingOperationNetMinorityInterest': 7111000000.0, 'reconciledDepreciation': 2194000000.0, 'netIncomeContinuousOperations': 7109000000.0, 'sellingGeneralAndAdministration': 5768000000.0, 'otherNonOperatingIncomeExpenses': 901000000.0, 'operatingRevenue': 61700000000.0, 'operatingExpense': 9425000000.0, 'normalizedEBITDA': 12800000000.0, 'costOfRevenue': 42570000000.0, 'dilutedNIAvailtoComStockholders': 7111000000.0, 'totalUnusualItems': -756000000.0, 'researchAndDevelopment': 1829000000.0, 'netIncomeIncludingNoncontrollingInterests': 7109000000.0, 'otherOperatingExpenses': 1828000000.0, 'ebit': 9850000000.0, 'totalOperatingIncomeAsReported': 8780000000.0, 'taxEffectOfUnusualItems': -185718120.805369}}, {'2019-12-31': {'netInterestIncome': -421000000.0, 'minorityInterests': -1000000.0, 'normalizedIncome': 6093000000.0, 'dilutedEPS': 10.74, 'netNonOperatingInterestIncomeExpense': -421000000.0, 'otherIncomeExpense': -57000000.0, 'operatingIncome': 8290000000.0, 'reconciledCostOfRevenue': 37384000000.0, 'basicAverageShares': 561600000.0, 'ebit': 8233000000.0, 'gainOnSaleOfSecurity': 200000000.0, 'dilutedNIAvailtoComStockholders': 6093000000.0, 'netIncome': 6093000000.0, 'totalUnusualItems': 200000000.0, 'basicEPS': 10.85, 'costOfRevenue': 37384000000.0, 'interestExpenseNonOperating': 421000000.0, 'totalUnusualItemsExcludingGoodwill': 200000000.0, 'totalExpenses': 45510000000.0, 'pretaxIncome': 7812000000.0, 'netIncomeFromContinuingOperationNetMinorityInterest': 6093000000.0, 'otherNonOperatingIncomeExpenses': -57000000.0, 'sellingGeneralAndAdministration': 5162000000.0, 'operatingExpense': 8126000000.0, 'netIncomeContinuousOperations': 6094000000.0, 'totalOperatingIncomeAsReported': 8290000000.0, 'netIncomeFromContinuingAndDiscontinuedOperation': 6093000000.0, 'taxProvision': 1746000000.0, 'taxEffectOfUnusualItems': 0.0, 'earningsFromEquityInterestNetOfTax': 28000000.0, 'interestExpense': 421000000.0, 'netIncomeIncludingNoncontrollingInterests': 6094000000.0, 'otherOperatingExpenses': 1271000000.0, 'totalRevenue': 53800000000.0, 'taxRateForCalcs': 0.223502, 'netIncomeCommonStockholders': 6093000000.0, 'researchAndDevelopment': 1693000000.0, 'operatingRevenue': 53800000000.0, 'grossProfit': 16416000000.0, 'normalizedEBITDA': 10810000000.0, 'dilutedAverageShares': 567500000.0, 'reconciledDepreciation': 2577000000.0}}, {'2020-12-31': {'netInterestIncome': -514000000.0, 'minorityInterests': -5000000.0, 'normalizedIncome': 2998000000.0, 'dilutedEPS': 5.46, 'netNonOperatingInterestIncomeExpense': -514000000.0, 'otherIncomeExpense': -44000000.0, 'operatingIncome': 4553000000.0, 'reconciledCostOfRevenue': 29671000000.0, 'basicAverageShares': 544100000.0, 'ebit': 4509000000.0, 'gainOnSaleOfSecurity': -44000000.0, 'dilutedNIAvailtoComStockholders': 2998000000.0, 'netIncome': 2998000000.0, 'totalUnusualItems': -44000000.0, 'basicEPS': 5.51, 'costOfRevenue': 29671000000.0, 'interestExpenseNonOperating': 514000000.0, 'totalUnusualItemsExcludingGoodwill': -44000000.0, 'totalExpenses': 37195000000.0, 'pretaxIncome': 3995000000.0, 'netIncomeFromContinuingOperationNetMinorityInterest': 2998000000.0, 'otherNonOperatingIncomeExpenses': -44000000.0, 'sellingGeneralAndAdministration': 4642000000.0, 'operatingExpense': 7524000000.0, 'netIncomeContinuousOperations': 3003000000.0, 'totalOperatingIncomeAsReported': 4553000000.0, 'netIncomeFromContinuingAndDiscontinuedOperation': 2998000000.0, 'taxProvision': 1006000000.0, 'taxEffectOfUnusualItems': 0.0, 'earningsFromEquityInterestNetOfTax': 14000000.0, 'interestExpense': 514000000.0, 'netIncomeIncludingNoncontrollingInterests': 3003000000.0, 'otherOperatingExpenses': 1467000000.0, 'totalRevenue': 41748000000.0, 'taxRateForCalcs': 0.252, 'netIncomeCommonStockholders': 2998000000.0, 'researchAndDevelopment': 1415000000.0, 'operatingRevenue': 41748000000.0, 'grossProfit': 12077000000.0, 'normalizedEBITDA': 6941000000.0, 'dilutedAverageShares': 548600000.0, 'reconciledDepreciation': 2432000000.0}}, {'2021-12-31': {'netInterestIncome': -488000000.0, 'minorityInterests': -4000000.0, 'normalizedIncome': 6489000000.0, 'dilutedEPS': 11.83, 'netNonOperatingInterestIncomeExpense': -488000000.0, 'otherIncomeExpense': 1814000000.0, 'operatingIncome': 6878000000.0, 'reconciledCostOfRevenue': 35968000000.0, 'basicAverageShares': 544000000.0, 'ebit': 8692000000.0, 'gainOnSaleOfSecurity': 324000000.0, 'dilutedNIAvailtoComStockholders': 6489000000.0, 'netIncome': 6489000000.0, 'totalUnusualItems': 324000000.0, 'basicEPS': 11.93, 'costOfRevenue': 35968000000.0, 'interestExpenseNonOperating': 488000000.0, 'totalUnusualItemsExcludingGoodwill': 324000000.0, 'totalExpenses': 44093000000.0, 'pretaxIncome': 8204000000.0, 'netIncomeFromContinuingOperationNetMinorityInterest': 6489000000.0, 'otherNonOperatingIncomeExpenses': 1814000000.0, 'sellingGeneralAndAdministration': 5365000000.0, 'operatingExpense': 8125000000.0, 'netIncomeContinuousOperations': 6493000000.0, 'totalOperatingIncomeAsReported': 6878000000.0, 'netIncomeFromContinuingAndDiscontinuedOperation': 6489000000.0, 'taxProvision': 1742000000.0, 'taxEffectOfUnusualItems': 0.0, 'earningsFromEquityInterestNetOfTax': 31000000.0, 'interestExpense': 488000000.0, 'netIncomeIncludingNoncontrollingInterests': 6493000000.0, 'otherOperatingExpenses': 1074000000.0, 'totalRevenue': 50971000000.0, 'taxRateForCalcs': 0.212, 'netIncomeCommonStockholders': 6489000000.0, 'researchAndDevelopment': 1686000000.0, 'operatingRevenue': 50971000000.0, 'grossProfit': 15003000000.0, 'normalizedEBITDA': 11044000000.0, 'dilutedAverageShares': 548500000.0, 'reconciledDepreciation': 2352000000.0}}]}